=LDR  02580 am a2200661 a 4500
=001  012286416
=003  Uk
=005  20160926114856.0
=008  040205m20039999orua\\\\\\\\\\000\1\eng\d
=015  \\$aGBA409666$2bnb
=016  7\$a012286416$2Uk
=019  y\$abA409666
=019  9\$a184023783x
=020  \\$a184023783X (v. 1 : Titan : pbk.) :$c£14.99
=020  \\$a9781569716229 (v. 1 : Dark Horse Books : pbk.) :$cNo price
=020  \\$a1569716226 (v. 1 : Dark Horse Books : pbk.) :$cNo price
=020  \\$a9781840239973 (v. 2 : Titan : pbk.) :$c£14.99
=020  \\$a1840239972 (v. 2 : Titan : pbk.) :$c£14.99
=020  \\$a9781569719534 (v. 2 : Dark Horse Books : pbk.) :$cNo price
=020  \\$a1569719535 (v. 2 : Dark Horse Books : pbk.) :$cNo price
=035  \\$a(WlAbNL)A13217319
=035  \\$a(OCoLC)54359457
=040  \\$aWlAbNL$dUk
=042  \\$aukblsr
=050  \4$aPN6727.M53$bH49 2003
=082  04$a741.5973$222
=245  00$aMike Mignola's Hellboy.$pWeird tales /$c[John Arcudi ... et al.].
=246  30$aWeird tales
=246  30$aHellboy weird tales
=260  \\$aMilwaukie, OR :$bDark Horse Comics,$c2003-2004.
=300  \\$a2 v. :$bchiefly col. ill. ;$c26 cm.
=336  \\$atext$2rdacontent
=337  \\$aunmediated$2rdamedia
=338  \\$avolume$2rdacarrier
=500  \\$a"This volume collects issues one through four of the Dark Horse comic-book series, Hellboy: Weird Tales"--Vol. 1, t.p. verso.
=500  \\$a"This volume collects issues five through eight and the Lobster Johnson strips serialized in issues one through eights of the Dark Horse comic-book series, Hellboy: Weird Tales"--Vol. 2, t.p. verso.
=600  00$aHellboy$c(Fictitious character from Mignola)$vComic books, strips, etc.
=650  \0$aHorror comic books, strips, etc.
=650  \0$aComic books, strips, etc.
=700  1\$aMignola, Michael.
=700  1\$aArcudi, John.
=852  41$aBritish Library$bHMNTS$ivol. 2
=957  \\$r20/1/04$tM/37224-03
=CAT  \\$aCONV$b00$c20040425$lBLL90$h0540
=CAT  \\$aCONV$b00$c20040502$lBLL01$h1504
=CAT  \\$aBATCH-UPD$b00$c20070106$lBLL01$h1828
=CAT  \\$a11317$b40$c20090217$lBLL01$h1441
=CAT  \\$a11317$b40$c20090217$lBLL01$h1442
=CAT  \\$aWR16_021$c20160610$lBLL01$h1938
=CAT  \\$a8964$b40$c20160926$lBLL01$h1148
=FIN  \\$aY$d20090217
=FMT  \\$a  BK
=LAS  \\$a8964$b40$c20160926$lBLL01$h1148
=LDO  \\$aCIP$bpbk$c8/1/04
=LEO  \\$aMP5.0000372020
=SID  \\$aZ39$bOCLC
=SRC  \\$aLDS01$bbiblm.200404.2.aa
=SRC  \\$aBNB03$bbibmp5.200404.2.aa

