=LDR  02957 as a2200769 a 4500
=001  012309235
=003  Uk
=005  20140905175900.0
=006  aa\\\|||||||||||||
=007  ta
=008  980706c19979999enka|2\|||\\\||\\\a0eng\\
=015  \\$aGB9824275$2bnb
=019  y\$ab9824275
=019  9\$ab9824275
=019  0\$as637330005
=022  0\$a1463-2772$202
=039  0\$a2484
=040  \\$aUk$cUk
=082  04$a338.47621908094105$221
=084  \\$aAL 74$2blsrissc
=210  0\$aProd. sales trade, PRA42 Hand tools
=222  \0$aProduct sales and trade. PRA42, Hand tools
=245  00$aProduct sales and trade.$pPRA42, Hand tools.
=246  03$aPRA42, Hand tools
=260  \\$aLondon :$bStationery Office,$c1997-
=300  \\$av. ;$c30cm.
=336  \\$atext$2rdacontent
=337  \\$aunmediated$2rdamedia
=338  \\$avolume$2rdacarrier
=362  0\$a1996-
=500  \\$aAt head of title: Office for National Statistics.
=500  \\$aAt foot of title: A publication of the Government Statistical Service.
=500  \\$aRunning title: PRA42, Hand tools.
=580  \\$aContinues: Annual report 42, hand tools.
=597  \\$aEnhanced$bSRIS DDC
=650  \0$aTool and die industry$zGreat Britain$xStatistics$xPeriodicals.
=651  \0$aGreat Britain$xCommerce$xStatistics$xPeriodicals.
=690  7\$aManagement and Business Studies$2blcoll
=710  1\$aGreat Britain.$bCentral Statistical Office.
=710  1\$aGreat Britain.$bGovernment Statistical Service.
=740  0\$aAnnual report 42, hand tools.
=780  00$tAnnual report 42, hand tools
=852  71$aBritish Library$bSTI$2blsrissc
=886  2\$2ukmarc$a910$b20$aCentral Statistical Office$xSee$aGreat Britain.$xCentral Statistical Office$z710
=886  2\$2ukmarc$a910$b20$aCSO$xSee$aGreat Britain.$xCentral Statistical Office$z710
=886  2\$2ukmarc$a910$b10$aGreat Britain$cOffice for National Statistics$xSee also$aGreat Britain.$xCentral Statistical Office$z710
=886  2\$2ukmarc$a910$b20$aGovernment Statistical Service$xSee$aGreat Britain.$xGovernment Statistical Service$z710/1
=957  \\$a971216c
=CAT  \\$aCONV$b00$c20040425$lBLL90$h0616
=CAT  \\$aCONV$b00$c20040502$lBLL01$h1505
=CAT  \\$aglobal_upd$b40$c20060417$lBLL01$h1847
=CAT  \\$aBATCH$b00$c20090610$lBLL01$h1709
=CAT  \\$aBATCH$b00$c20091123$lBLL01$h0131
=CAT  \\$aBATCH690$c20100715$lBLL01$h2102
=CAT  \\$aBATCH-MBS$c20100716$lBLL01$h2047
=CAT  \\$aWR14_140$c20140905$lBLL01$h1759
=FIN  \\$aY
=FMT  \\$a  SE
=LAS  \\$aWR14_140$b00$c20140905$lBLL01$h1759
=LEO  \\$aMP5.0001498120
=LEO  \\$aMP22.0000058616
=LEO  \\$aMP25.0000321264
=SRC  \\$aBNB03$bbibmp5.200404.2.ac
=SRC  \\$aISN01$bbibmp22.200404.2.aa
=SRC  \\$aSRI01$bbibmp25.200404.2.aa
=SSD  \\$a25500{dollar}a1996-; 50300{dollar}aContinues: Annual report 42, hand tools; 74500{dollar}aAnnual report 42, hand tools
=TCO  \\$aCLA$bCLA$c008

