=LDR  01749 as a2200553 a 4500
=001  012448398
=003  Uk
=005  20100511092806.0
=006  aac\\|||||||||||||
=007  ta
=008  020906d2002200uxxkar\p\\\\\\\0\\\a0eng\\
=015  \\$aGBA259415$2bnb
=019  y\$abA259415
=019  9\$abA259415
=019  0\$as680159002
=039  0\$a2708
=040  \\$aUk$cUk$dUk
=082  04$a607.3941$221
=110  2\$aFaraday Partnerships Initiative.
=240  10$aAnnual report (Faraday Partnerships Initiative)
=245  10$aAnnual report ... /$cFaraday Partnerships.
=260  \\$a[Great Britain] :$bFaraday Partnerships,$c2002-
=300  \\$av. :$bcol. ill., col. ports. ;$c30 cm.
=336  \\$atext$2rdacontent
=337  \\$aunmediated$2rdamedia
=338  \\$avolume$2rdacarrier
=362  0\$a2001/02-
=530  \\$aAlso available on the Internet.
=610  20$aFaraday Partnerships Initiative$vPeriodicals.
=852  11$aBritish Library$bSTI$cBIPC$kBIPC Trade Literature Collection$32001/2002 -(2004/2005)
=957  \\$a020723c
=985  \\$aRecord merged by DQ team
=A02  \\$a3005013$z0
=CAT  \\$aCONV$b00$c20040425$lBLL90$h0713
=CAT  \\$aCONV$b00$c20040502$lBLL01$h1509
=CAT  \\$aBATCH$b00$c20091210$lBLL01$h2336
=CAT  \\$aBATCH$b00$c20091214$lBLL01$h0848
=CAT  \\$aBATCH$b00$c20091216$lBLL01$h0221
=CAT  \\$a8201$b40$c20100511$lBLL01$h0928
=CAT  \\$aWR14_140$c20140905$lBLL01$h1800
=FIN  \\$aY
=FMT  \\$a  SE
=LAS  \\$aWR14_140$b00$c20140905$lBLL01$h1800
=LEO  \\$aMP5.0000014169
=LEO  \\$aMP25.0000358462
=SRC  \\$aDSS03$bbibsr.200404.2.aa
=SRC  \\$aBNB03$bbibmp5.200404.2.aa
=SRC  \\$aSRI01$bbibmp25.200404.2.aa
=TCO  \\$aCLA$bCLA$c008

