=LDR  01580 am a2200457ua 4500
=001  012661887
=003  Uk
=005  20091123025600.0
=008  010709s2001\\\\enka\\\||\\\\\001\||eng\\
=010  \\$a00058334
=015  \\$aGBA140201$2bnb
=019  y\$abA140201
=019  9\$a0810838974
=019  1\$a0810838974
=020  \\$a0810838974 :$cNo price
=039  0\$a2650
=040  \\$aDLC$cDLC$dUk
=082  04$a025.56$221
=245  00$aLibrary user education :$bpowerful learning, powerful partnerships /$cedited by Barbara I. Dewey.
=260  \\$aLanham, Md. ;$aLondon :$bScarecrow Press,$c2001.
=300  \\$axv, 352 p. ;$c24 cm.
=336  \\$atext$2rdacontent
=337  \\$aunmediated$2rdamedia
=338  \\$avolume$2rdacarrier
=500  \\$aContains chapters based on 43 presentations given at a conference held Nov. 11-12, 1999 at the Iowa Memorial Union.
=504  \\$aIncludes bibliographical references (p. 326-335) and index.
=650  \0$aLibrary orientation$vCongresses.
=650  \0$aInformation services$xUser education$vCongresses.
=650  \0$aInformation technology$xStudy and teaching$vCongresses.
=700  1\$aDewey, Barbara I.
=852  11$aBritish Library$bHMNTS$kHUR.$h025.56
=CAT  \\$aCONV$b00$c20040425$lBLL90$h0815
=CAT  \\$aCONV$b00$c20040502$lBLL01$h1516
=CAT  \\$aBATCH$b00$c20091123$lBLL01$h0256
=FIN  \\$aY
=FMT  \\$a  BK
=LAS  \\$aBATCH$b00$c20091123$lBLL01$h0256
=LEO  \\$aMP5.0001734172
=LEO  \\$aMP13.0002000811
=SRC  \\$aBNB03$bbibmp5.200404.2.ac
=SRC  \\$aHSS01$bbibmp13.200404.2.ad

