=LDR  01255 as a2200385ua 4500
=001  012749444
=003  Uk
=005  20190522122210.0
=008  850702c1974\\\\vp\g|\p|||\\\|1\\\||eng\\
=019  0\$as099805049
=040  \\$aUk$cUk
=084  \\$aJF 30$2blsrissc
=111  2\$aInternational Symposium on Chromatography.
=245  00$aInternational Symposium on Chromatography.
=260  \\$c1974-
=336  \\$atext$2rdacontent
=337  \\$aunmediated$2rdamedia
=338  \\$avolume$2rdacarrier
=500  \\$aOrganised by the Chromatography Discussion Group and other bodies.
=580  \\$aContinuation of "Gas chromatography", q.v.
=710  2\$aChromatography Discussion Group (Great Britain)
=852  71$aBritish Library$bSTI$2blsrissc$31974- ; [10th], 1974-
=886  2\$2blmarc$a029$b00$aS099805030
=968  \\$bX
=CAT  \\$aCONV$b00$c20040425$lBLL90$h0851
=CAT  \\$aCONV$b00$c20040502$lBLL01$h1519
=CAT  \\$aBATCH$b00$c20091123$lBLL01$h0327
=CAT  \\$a8871$b40$c20190522$lBLL01$h1222
=FIN  \\$aY
=FMT  \\$a  SE
=LAS  \\$a8871$b40$c20190522$lBLL01$h1222
=LEO  \\$aMP25.0000016773
=SRC  \\$aSRI01$bbibmp25.200404.2.aa
=SSD  \\$a50300{dollar}aContinuation of "Gas chromatography", q.v
=TCO  \\$aXXX$c008

