=LDR  01983 as a2200481ui 4500
=001  012749577
=003  Uk
=005  20201124185625.0
=008  780215d19561961|||ar\p|||\\\|1\\\||mul\\
=019  0\$as100106005
=040  \\$aUk$cUk
=041  0\$afre$aeng$ager
=084  \\$aHQ 160$2blsrissc
=084  \\$aHQ 63$2blsrissc
=111  2\$aSymposium on Foreign Substances and Synergic Elements in Foodstuffs.
=245  00$aComptes rendus du symposium sur les matières étrangères et les éléments synergiques dans les aliments.
=260  \\$c1956-61.
=300  \\$c24cm.
=310  \\$aAnnual
=336  \\$atext$2rdacontent
=337  \\$aunmediated$2rdamedia
=338  \\$avolume$2rdacarrier
=500  \\$a1st symposium measures 29cm.
=500  \\$aSponsored by Commission internationale des industries agricoles and Bureau international permanent de chimie analytique.
=546  \\$aMainly in French, English or German.
=580  \\$aContinued as "Commission internationale des industries agricoles. Symposium international. ... q.v.
=710  2\$aCommission internationale des industries agricoles.
=710  2\$aBureau international permanent de chimie analytique.
=852  71$aBritish Library$bSTI$2blsrissc$31956-1961; 1st, 1955 - 6th, 1960 ; Deficient: 7th-10th***See entries for individual symposia
=886  2\$2blmarc$a029$b00$as100106072
=985  \\$aUpgraded by BSS-generated file for WR2011-1473
=CAT  \\$aCONV$b00$c20040425$lBLL90$h0851
=CAT  \\$aCONV$b00$c20040502$lBLL01$h1519
=CAT  \\$aglobal_upd$b40$c20060417$lBLL01$h1906
=CAT  \\$aBATCH$b00$c20091211$lBLL01$h0010
=CAT  \\$aW2011-1473$b00$c20201124$lBLL01$h1856
=FIN  \\$aY
=FMT  \\$a  SE
=LAS  \\$aW2011-1473$b00$c20201124$lBLL01$h1856
=LEO  \\$aMP25.0000016915
=SRC  \\$aSRI01$bbibmp25.200404.2.aa
=SSD  \\$a50300{dollar}aContinued as "Commission internationale des industries agricoles. Symposium international. ... q.v
=TCO  \\$aZZZ$c008

