=LDR  01355 as a2200385ua 4500
=001  012750938
=003  Uk
=005  20201124185628.0
=008  840717d1958\\\\|||g|\p|||\\\|1\\\||mul\\
=019  0\$as102423008
=040  \\$aUk$cUk
=041  0\$aeng$afre$ager
=084  \\$aRQ 25$2blsrissc
=111  2\$aInternational Convention on Microwave Valves.
=245  00$a[International Convention on Microwave Valves].
=260  \\$c[1958]-1965.
=336  \\$atext$2rdacontent
=337  \\$aunmediated$2rdamedia
=338  \\$avolume$2rdacarrier
=580  \\$aContinued as "International Conference on Microwave and Optical Generation and Amplification", q.v.
=852  71$aBritish Library$bSTI$2blsrissc$31956-1965; [1st], 1956 - 5th, 1964
=886  2\$2blmarc$a029$b00$aS102423016
=968  \\$aC
=985  \\$aUpgraded by BSS-generated file for WR2011-1473
=CAT  \\$aCONV$b00$c20040425$lBLL90$h0851
=CAT  \\$aCONV$b00$c20040502$lBLL01$h1519
=CAT  \\$aBATCH$b00$c20091123$lBLL01$h0327
=CAT  \\$aW2011-1473$b00$c20201124$lBLL01$h1856
=FIN  \\$aY
=FMT  \\$a  SE
=LAS  \\$aW2011-1473$b00$c20201124$lBLL01$h1856
=LEO  \\$aMP25.0000018525
=SRC  \\$aSRI01$bbibmp25.200404.2.aa
=SSD  \\$a50300{dollar}aContinued as "International Conference on Microwave and Optical Generation and Amplification", q.v
=TCO  \\$aZZZ$c008

