=LDR  01549 as a2200397ua 4500
=001  012750939
=003  Uk
=005  20201124185628.0
=008  840717d1967\\\\|||g|\p|||\\\|1\\\||mul\\
=019  0\$as102423016
=040  \\$aUk$cUk
=041  0\$aeng$afre$ager
=084  \\$aRQ 25$2blsrissc
=111  2\$aInternational Conference on Microwave and Optical Generation and Amplification.
=245  00$aInternational Conference on Microwave and Optical Generation and Amplification.
=260  \\$c1967-[1971?]
=336  \\$atext$2rdacontent
=337  \\$aunmediated$2rdamedia
=338  \\$avolume$2rdacarrier
=580  \\$aContinuation of "International Convention on Microwave Valves", q.v.
=580  \\$aIncorporated in "European Microwave Conference. Conference proceedings", q.v.
=852  71$aBritish Library$bSTI$2blsrissc$31967-1971; 6th, 1966 - 8th, 1970
=886  2\$2blmarc$a029$b00$aS102423008$aS137254008
=968  \\$aC
=985  \\$aUpgraded by BSS-generated file for WR2011-1473
=CAT  \\$aCONV$b00$c20040425$lBLL90$h0851
=CAT  \\$aCONV$b00$c20040502$lBLL01$h1519
=CAT  \\$aBATCH$b00$c20091123$lBLL01$h0327
=CAT  \\$aW2011-1473$b00$c20201124$lBLL01$h1856
=FIN  \\$aY
=FMT  \\$a  SE
=LAS  \\$aW2011-1473$b00$c20201124$lBLL01$h1856
=LEO  \\$aMP25.0000018526
=SRC  \\$aSRI01$bbibmp25.200404.2.aa
=SSD  \\$a50300{dollar}aContinuation of "International Convention on Microwave Valves", q.v; 50300{dollar}aIncorporated in "European Microwave Conference. Conference proceedings", q.v.
=TCO  \\$aZZZ$c008

