=LDR  00963 as a2200337ua 4500
=001  012753195
=003  Uk
=005  20091123032800.0
=008  850205c1951\\\\vp\a|\p|||\\\|1\\\||mul\\
=019  0\$as106025007
=040  \\$aUk$cUk
=084  \\$aKW 48$2blsrissc
=111  2\$aColloquium Spectroscopicum Internationale.
=245  00$aColloquium Spectroscopicum Internationale.
=260  \\$c[1951?]-
=336  \\$atext$2rdacontent
=337  \\$aunmediated$2rdamedia
=338  \\$avolume$2rdacarrier
=500  \\$aPublisher varies.
=515  \\$a11th not published.
=852  71$aBritish Library$bSTI$2blsrissc$31951- ; 1st, 1950-
=968  \\$aC
=CAT  \\$aCONV$b00$c20040425$lBLL90$h0851
=CAT  \\$aCONV$b00$c20040502$lBLL01$h1519
=CAT  \\$aBATCH$b00$c20091123$lBLL01$h0328
=FIN  \\$aY
=FMT  \\$a  SE
=LAS  \\$aBATCH$b00$c20091123$lBLL01$h0328
=LEO  \\$aMP25.0000021078
=SRC  \\$aSRI01$bbibmp25.200404.2.aa
=TCO  \\$aXXX$c008

