=LDR  01374 as a2200373ui 4500
=001  012753967
=003  Uk
=005  20201127180455.0
=008  760707d19601974|||||\p|||\\\|1\\\||eng\\
=019  0\$as107262002
=040  \\$aUk$cUk
=084  \\$aJK 34$2blsrissc
=111  2\$aInternational Symposium on Boron.
=245  00$aProceedings - International Symposium on Boron.
=260  \\$c1960-74.
=336  \\$atext$2rdacontent
=337  \\$aunmediated$2rdamedia
=338  \\$avolume$2rdacarrier
=580  \\$aContinued as "International Symposium on Boron and Borides Proceedings ...", q.v.
=852  71$aBritish Library$bSTI$2blsrissc$31960-1974; [1st], 1959- 4th, 1972
=883  0\$aLanguage codes assigned by Bayesian analysis of words present in record$d20201028$qUk$c0.9010
=985  \\$aUpgraded by BSS-generated file for WR2011-1472
=CAT  \\$aCONV$b00$c20040425$lBLL90$h0851
=CAT  \\$aCONV$b00$c20040502$lBLL01$h1519
=CAT  \\$aglobal_upd$b40$c20060417$lBLL01$h1906
=CAT  \\$aBATCH$b00$c20091211$lBLL01$h0011
=CAT  \\$aW2011-1472$b00$c20201127$lBLL01$h1804
=FIN  \\$aY
=FMT  \\$a  SE
=LAS  \\$aW2011-1472$b00$c20201127$lBLL01$h1804
=LEO  \\$aMP25.0000022009
=SRC  \\$aSRI01$bbibmp25.200404.2.aa
=SSD  \\$a50300{dollar}aContinued as "International Symposium on Boron and Borides Proceedings ...", q.v
=TCO  \\$aZZZ$c008

