=LDR  01238 as a2200385ua 4500
=001  012754283
=003  Uk
=005  20070717140749.0
=008  841127d1954\\\\vp\h|\p|||\\\|1\\\||eng\\
=019  0\$as107778009
=040  \\$aUk$cUk
=084  \\$aRX 00$2blsrissc
=110  2\$aInternational Commission on Acoustics.$bCongress.
=245  00$aProceedings - [International Commission on Acoustics, Congress].
=260  \\$c1954-57.
=300  \\$c27 cm.
=336  \\$atext$2rdacontent
=337  \\$aunmediated$2rdamedia
=338  \\$avolume$2rdacarrier
=500  \\$aPublisher varies.
=580  \\$aContinued as "International Congress on Acoustics", q.v.
=852  71$aBritish Library$bSTI$2blsrissc$31954-1957; 1st, 1953 - 2nd, 1956
=886  2\$2blmarc$a029$b00$aS107778033
=968  \\$aC
=CAT  \\$aCONV$b00$c20040425$lBLL90$h0851
=CAT  \\$aCONV$b00$c20040502$lBLL01$h1519
=CAT  \\$a11249$b40$c20070717$lBLL01$h1407
=CAT  \\$aBATCH$b00$c20091123$lBLL01$h0328
=FIN  \\$aY
=FMT  \\$a  SE
=LAS  \\$aBATCH$b00$c20091123$lBLL01$h0328
=LEO  \\$aMP25.0000022373
=SRC  \\$aSRI01$bbibmp25.200404.2.aa
=SSD  \\$a50300{dollar}aContinued as "International Congress on Acoustics", q.v
=TCO  \\$aXXX$c008

