=LDR  01156 as a2200361ua 4500
=001  012756006
=003  Uk
=005  20201124185638.0
=008  820601d19621973|||gr\p|||\\\|1\\\||mul\\
=019  0\$as112056008
=040  \\$aUk$cUk
=041  0\$aeng$afre
=084  \\$aPV 02$2blsrissc
=111  2\$aEuropean Conference on Elementary Particles.
=245  00$a[Proceedings] - European Conference on Elementary Particles.
=260  \\$c1962-73.
=300  \\$c27-31cm.
=310  \\$aEvery two years
=336  \\$atext$2rdacontent
=337  \\$aunmediated$2rdamedia
=338  \\$avolume$2rdacarrier
=852  71$aBritish Library$bSTI$2blsrissc$31962-1973; [1st], 1961 - 7th, 1973***See entries for individual conferences
=985  \\$aUpgraded by BSS-generated file for WR2011-1473
=CAT  \\$aCONV$b00$c20040425$lBLL90$h0851
=CAT  \\$aCONV$b00$c20040502$lBLL01$h1519
=CAT  \\$aBATCH$b00$c20091123$lBLL01$h0328
=CAT  \\$aW2011-1473$b00$c20201124$lBLL01$h1856
=FIN  \\$aY
=FMT  \\$a  SE
=LAS  \\$aW2011-1473$b00$c20201124$lBLL01$h1856
=LEO  \\$aMP25.0000024404
=SRC  \\$aSRI01$bbibmp25.200404.2.aa
=TCO  \\$aZZZ$c008

