=LDR  01184 as a2200373ua 4500
=001  012757441
=003  Uk
=005  20070717145424.0
=008  840522c1955\\\\ne\\|\p|||\\\|1\\\||eng\\
=019  0\$as117208000
=040  \\$aUk$cUk
=084  \\$aKW 898$2blsrissc
=111  2\$aAmpere Congress.
=245  00$aProceedings of the ... Ampere Congress.
=260  \\$aAmsterdam ;$aOxford :$bNorth-Holland Publishing,$c1955-
=300  \\$c23-30 cm.
=336  \\$atext$2rdacontent
=337  \\$aunmediated$2rdamedia
=338  \\$avolume$2rdacarrier
=500  \\$aCongresses organised by Groupement Ampere.
=710  2\$aGroupement AMPERE.
=852  71$aBritish Library$bSTI$2blsrissc$31955- ; 3rd, 1954- ; Deficient: 20th, 1978
=968  \\$aC
=CAT  \\$aCONV$b00$c20040425$lBLL90$h0851
=CAT  \\$aCONV$b00$c20040502$lBLL01$h1519
=CAT  \\$a11249$b40$c20070717$lBLL01$h1454
=CAT  \\$aBATCH$b00$c20091123$lBLL01$h0329
=CAT  \\$aBATCH-UPD$b00$c20210515$lBLL01$h1708
=FIN  \\$aY
=FMT  \\$a  SE
=LAS  \\$aBATCH-UPD$b00$c20210515$lBLL01$h1708
=LEO  \\$aMP25.0000026130
=SRC  \\$aSRI01$bbibmp25.200404.2.aa
=TCO  \\$aNLD$bSTICHTING REPRORECHT$c008

