=LDR  00973 as a2200337ua 4500
=001  012758040
=003  Uk
=005  20091123032900.0
=008  841127c1958\\\\vp\\|\p|||\\\|1\\\||mul\\
=019  0\$as118910000
=040  \\$aUk$cUk
=084  \\$aLQ 00$2blsrissc
=111  2\$aEuropean Symposium on Chemical Reaction Engineering.
=245  00$aEuropean Symposium on Chemical Reaction Engineering.
=260  \\$c1958-
=336  \\$atext$2rdacontent
=337  \\$aunmediated$2rdamedia
=338  \\$avolume$2rdacarrier
=500  \\$aPublisher varies.
=500  \\$aSize varies.
=852  71$aBritish Library$bSTI$2blsrissc$31958- ; 1st, 1957-
=968  \\$aC
=CAT  \\$aCONV$b00$c20040425$lBLL90$h0851
=CAT  \\$aCONV$b00$c20040502$lBLL01$h1519
=CAT  \\$aBATCH$b00$c20091123$lBLL01$h0329
=FIN  \\$aY
=FMT  \\$a  SE
=LAS  \\$aBATCH$b00$c20091123$lBLL01$h0329
=LEO  \\$aMP25.0000026839
=SRC  \\$aSRI01$bbibmp25.200404.2.aa
=TCO  \\$aXXX$c008

