=LDR  01018 as a2200325ua 4500
=001  012759834
=003  Uk
=005  20091123032900.0
=008  830701d19611968gw\||\p|||\\\|1\\\||mul\\
=019  0\$as124823009
=040  \\$aUk$cUk
=084  \\$aLY 76$2blsrissc
=111  2\$aInternational Symposium on Colour Chemistry.
=245  00$aInternationales Farbensymposium.
=260  \\$aWeinheim :$bVerlag Chemie,$c1961-68.
=300  \\$c25cm.
=336  \\$atext$2rdacontent
=337  \\$aunmediated$2rdamedia
=338  \\$avolume$2rdacarrier
=500  \\$aNo further symposia held.
=852  71$aBritish Library$bSTI$2blsrissc$31961-1968; 1., 1960 - 3., 1967***See entries for individual symposia
=CAT  \\$aCONV$b00$c20040425$lBLL90$h0851
=CAT  \\$aCONV$b00$c20040502$lBLL01$h1519
=CAT  \\$aBATCH$b00$c20091123$lBLL01$h0329
=FIN  \\$aY
=FMT  \\$a  SE
=LAS  \\$aBATCH$b00$c20091123$lBLL01$h0329
=LEO  \\$aMP25.0000028960
=SRC  \\$aSRI01$bbibmp25.200404.2.aa
=TCO  \\$aDEU$bVG WORT$c008

