=LDR  01719 as a2200445ui 4500
=001  012760474
=003  Uk
=005  20201017092306.0
=008  771116d19659999|||\|\p|||\\\|1\\\||eng\\
=019  0\$as126251002
=040  \\$aUk$cUk
=084  \\$aRE 45$2blsrissc
=111  2\$aInternational Conference on Thermionic Electrical Power Generation.
=245  00$aProceedings - International Conference on Thermionic Electrical Power Generation.
=246  3\$aThermionic electrical power generation
=260  \\$c1967-[75?]
=300  \\$c30 cm.
=336  \\$atext$2rdacontent
=337  \\$aunmediated$2rdamedia
=338  \\$avolume$2rdacarrier
=500  \\$aCeased publication.
=500  \\$aSponsored by the European Nuclear Energy Agency, later the Organisation for Economic Co-operation and Development, Nuclear Energy Agency, and other bodies.
=710  2\$aEuropean Nuclear Energy Agency.
=710  2\$aOECD Nuclear Energy Agency.
=852  71$aBritish Library$bSTI$2blsrissc$31st (1965)-3rd (1972)
=883  0\$aLanguage codes assigned by Bayesian analysis of words present in record$d20200826$qUk$c0.9919
=985  \\$aUpgraded by BSS-generated file for WR2009-0365
=CAT  \\$aCONV$b00$c20040425$lBLL90$h0851
=CAT  \\$aCONV$b00$c20040502$lBLL01$h1519
=CAT  \\$aglobal_upd$b40$c20060417$lBLL01$h1907
=CAT  \\$a11249$b40$c20070717$lBLL01$h1523
=CAT  \\$aBATCH$b00$c20091211$lBLL01$h0013
=CAT  \\$aW2009-0365$b00$c20201017$lBLL01$h0923
=FIN  \\$aY
=FMT  \\$a  SE
=LAS  \\$aW2009-0365$b00$c20201017$lBLL01$h0923
=LEO  \\$aMP25.0000029643
=SRC  \\$aSRI01$bbibmp25.200404.2.aa
=SSD  \\$a74510{dollar}aThermionic electrical power generation
=TCO  \\$aZZZ$c008

