=LDR  01723 as a2200445ui 4500
=001  012760752
=003  Uk
=005  20201017092306.0
=008  790130d19611972|||hr\p|||\\\|1\\\||eng\\
=019  0\$as126763003
=040  \\$aUk$cUk
=084  \\$aVH 85$2blsrissc
=111  2\$aInternational Symposium on the Theory of Traffic Flow.
=245  00$aProceedings of the... International Symposium on the Theory of Traffic Flow.
=260  \\$c1961-72.
=300  \\$c24 cm.
=310  \\$aEvery three years
=336  \\$atext$2rdacontent
=337  \\$aunmediated$2rdamedia
=338  \\$avolume$2rdacarrier
=500  \\$aTitle varies.
=580  \\$aContinued as "International Symposium on Transportation and Traffic Theory Proceedings...", q.v.
=852  71$aBritish Library$bSTI$2blsrissc$31961-1972; 1st, 1959 - 5th, 1972
=883  0\$aLanguage codes assigned by Bayesian analysis of words present in record$d20200826$qUk$c0.9919
=886  2\$2blmarc$a029$b00$aS126763062
=886  2\$2blmarc$a989$b00$aFor details of separate conferences see Author Catalogue
=985  \\$aUpgraded by BSS-generated file for WR2009-0365
=CAT  \\$aCONV$b00$c20040425$lBLL90$h0851
=CAT  \\$aCONV$b00$c20040502$lBLL01$h1519
=CAT  \\$aglobal_upd$b40$c20060417$lBLL01$h1907
=CAT  \\$a11249$b40$c20070717$lBLL01$h1411
=CAT  \\$aBATCH$b00$c20091211$lBLL01$h0013
=CAT  \\$aW2009-0365$b00$c20201017$lBLL01$h0923
=FIN  \\$aY
=FMT  \\$a  SE
=LAS  \\$aW2009-0365$b00$c20201017$lBLL01$h0923
=LEO  \\$aMP25.0000029932
=SRC  \\$aSRI01$bbibmp25.200404.2.aa
=SSD  \\$a50300{dollar}aContinued as "International Symposium on Transportation and Traffic Theory Proceedings...", q.v
=TCO  \\$aZZZ$c008

