=LDR  01288 as a2200385ua 4500
=001  012762571
=003  Uk
=005  20091123032900.0
=008  841030c1970\\\\vp\\|\p|||\\\|1\\\||mul\\
=019  0\$as129451010
=040  \\$aUk$cUk
=082  04$a363.1799$221
=084  \\$aPW 55$2blsrissc
=110  2\$aInternational Radiation Protection Association.$bInternational Congress.
=245  00$aInternational Radiation Protection Association, International Congress.
=260  \\$c1970-
=336  \\$atext$2rdacontent
=337  \\$aunmediated$2rdamedia
=338  \\$avolume$2rdacarrier
=500  \\$aPublisher varies.
=500  \\$aSize varies.
=580  \\$aContinuation of "International Congress of Radiation Protection", q.v.
=852  71$aBritish Library$bSTI$2blsrissc$31970- ; 2nd, 1970- ; Deficient: 7th, 1988
=886  2\$2blmarc$a029$b00$aS129451002
=968  \\$aC
=CAT  \\$aCONV$b00$c20040425$lBLL90$h0851
=CAT  \\$aCONV$b00$c20040502$lBLL01$h1519
=CAT  \\$aBATCH$b00$c20091123$lBLL01$h0329
=FIN  \\$aY
=FMT  \\$a  SE
=LAS  \\$aBATCH$b00$c20091123$lBLL01$h0329
=LEO  \\$aMP25.0000031983
=SRC  \\$aSRI01$bbibmp25.200404.2.aa
=SSD  \\$a50300{dollar}aContinuation of "International Congress of Radiation Protection", q.v
=TCO  \\$aXXX$c008

