=LDR  01207 as a2200385ua 4500
=001  012763947
=003  Uk
=005  20070717140415.0
=008  830412d19609999vp\||\p|||\\\|1\\\||eng\\
=019  0\$as131183001
=040  \\$aUk$cUk
=084  \\$aKH 80$2blsrissc
=111  2\$aInternational Fermentation Symposium.
=245  00$aInternational Fermentation Symposium.
=260  \\$c1961-81.
=300  \\$c24-30 cm.
=336  \\$atext$2rdacontent
=337  \\$aunmediated$2rdamedia
=338  \\$avolume$2rdacarrier
=500  \\$aPublisher varies.
=580  \\$aContinued as "International Biotechnology Symposium", q.v.
=852  71$aBritish Library$bSTI$2blsrissc$31961-1981; 1st, 1960 - 6th, 1980
=886  2\$2blmarc$a029$b00$aS131183079
=968  \\$bX
=CAT  \\$aCONV$b00$c20040425$lBLL90$h0852
=CAT  \\$aCONV$b00$c20040502$lBLL01$h1519
=CAT  \\$a11249$b40$c20070717$lBLL01$h1404
=CAT  \\$aBATCH$b00$c20091123$lBLL01$h0330
=FIN  \\$aY
=FMT  \\$a  SE
=LAS  \\$aBATCH$b00$c20091123$lBLL01$h0330
=LEO  \\$aMP25.0000033523
=SRC  \\$aSRI01$bbibmp25.200404.2.aa
=SSD  \\$a50300{dollar}aContinued as "International Biotechnology Symposium", q.v.
=TCO  \\$aXXX$c008

