=LDR  01043 as a2200349ua 4500
=001  012764994
=003  Uk
=005  20091123033000.0
=008  841030c1965\\\\vp\g|\p|||\\\|1\\\||eng\\
=019  0\$as132580004
=040  \\$aUk$cUk
=084  \\$aKY 07$2blsrissc
=111  2\$aInternational Conference on Atomic Collisions in Solids.
=245  00$aInternational Conference on Atomic Collisions in Solids.
=260  \\$c1965-
=336  \\$atext$2rdacontent
=337  \\$aunmediated$2rdamedia
=338  \\$avolume$2rdacarrier
=500  \\$aPublisher varies.
=500  \\$aSize varies.
=515  \\$aConference numbering begins with 4th, 1971.
=852  71$aBritish Library$bSTI$2blsrissc$31965- ; [1st], 1965-
=968  \\$aC
=CAT  \\$aCONV$b00$c20040425$lBLL90$h0852
=CAT  \\$aCONV$b00$c20040502$lBLL01$h1519
=CAT  \\$aBATCH$b00$c20091123$lBLL01$h0330
=FIN  \\$aY
=FMT  \\$a  SE
=LAS  \\$aBATCH$b00$c20091123$lBLL01$h0330
=LEO  \\$aMP25.0000034613
=SRC  \\$aSRI01$bbibmp25.200404.2.aa
=TCO  \\$aXXX$c008

