=LDR  01312 as a2200397ua 4500
=001  012766593
=003  Uk
=005  20070717141548.0
=008  841106d1959\\\\vp\\|\p|||\\\|1\\\||eng\\
=019  0\$as134604008
=040  \\$aUk$cUk
=084  \\$aPT 48$2blsrissc
=111  2\$aInternational Cyclotron Conference.
=245  00$aInternational Cyclotron Conference.
=260  \\$c1959-72.
=300  \\$c24-29 cm.
=336  \\$atext$2rdacontent
=337  \\$aunmediated$2rdamedia
=338  \\$avolume$2rdacarrier
=500  \\$aPublisher varies.
=515  \\$aConference numbering begins with 5th, 1969.
=580  \\$aContinued as "International Conference on Cyclotrons and their Applications", q.v.
=852  71$aBritish Library$bSTI$2blsrissc$31959-1972; [1st], 1959 - 6th, 1972
=886  2\$2blmarc$a029$b00$aS134604105
=968  \\$aC
=CAT  \\$aCONV$b00$c20040425$lBLL90$h0852
=CAT  \\$aCONV$b00$c20040502$lBLL01$h1519
=CAT  \\$a11249$b40$c20070717$lBLL01$h1415
=CAT  \\$aBATCH$b00$c20091123$lBLL01$h0330
=FIN  \\$aY
=FMT  \\$a  SE
=LAS  \\$aBATCH$b00$c20091123$lBLL01$h0330
=LEO  \\$aMP25.0000036371
=SRC  \\$aSRI01$bbibmp25.200404.2.aa
=SSD  \\$a50300{dollar}aContinued as "International Conference on Cyclotrons and their Applications", q.v
=TCO  \\$aXXX$c008

