=LDR  01217 as a2200373ua 4500
=001  012766598
=003  Uk
=005  20091123033000.0
=008  841106c1975\\\\vp\h|\p|||\\\|1\\\||eng\\
=019  0\$as134604105
=040  \\$aUk$cUk
=084  \\$aPT 48$2blsrissc
=111  2\$aInternational Conference on Cyclotrons and their Applications.
=245  00$aInternational Conference on Cyclotrons and their Applications.
=260  \\$c1975-
=336  \\$atext$2rdacontent
=337  \\$aunmediated$2rdamedia
=338  \\$avolume$2rdacarrier
=500  \\$aPublisher varies.
=500  \\$aSize varies.
=580  \\$aContinuation of "International Cyclotron Conference", q.v.
=852  71$aBritish Library$bSTI$2blsrissc$31975- ; 7th, 1975- ; Deficient: 11th, 1986
=886  2\$2blmarc$a029$b00$aS134604008
=968  \\$bX
=CAT  \\$aCONV$b00$c20040425$lBLL90$h0852
=CAT  \\$aCONV$b00$c20040502$lBLL01$h1519
=CAT  \\$aBATCH$b00$c20091123$lBLL01$h0330
=FIN  \\$aY
=FMT  \\$a  SE
=LAS  \\$aBATCH$b00$c20091123$lBLL01$h0330
=LEO  \\$aMP25.0000036381
=SRC  \\$aSRI01$bbibmp25.200404.2.aa
=SSD  \\$a50300{dollar}aContinuation of "International Cyclotron Conference", q.v
=TCO  \\$aXXX$c008

