=LDR  02179 am a2200565 a 4500
=001  012906819
=003  Uk
=005  20051206111109.0
=008  040423m2002\\\\stkb\\\\\\\\\\001\0\eng\\
=FMT  \\$a  BK
=015  \\$aGBA430475$2bnb
=020  \\$a1904060072 (v. 1 : pbk.) :$c£7.00
=020  \\$a1904060145 (v. 2 : pbk.) :$cNo price
=035  \\$a(StEdNL)1904060072
=040  \\$aStEdNL$beng$cUk
=042  \\$aukblsr
=043  \\$ae-uk-st
=082  04$a929.5094142$222
=245  00$aArgyllshire monumental inscriptions :$b(pre 1855)$cedited by Stuart E. Fleming.
=260  \\$aEdinburgh :$bScottish Genealogy Society,$c2002-
=300  \\$av. :$bmaps ;$c21 cm.
=336  \\$atext$2rdacontent
=337  \\$aunmediated$2rdamedia
=338  \\$avolume$2rdacarrier
=504  \\$aIncludes indexes.
=505  1\$av. 1. Appin and Lismore / compiled by David C. Cargill, Barbara Fairweather & Angus Mitchell -- v. 2. Islands of Mull & Ulva / compiled by G.A. Cessford, R.W. & J. Munro, B. & J. Whittaker.
=650  \0$aRegisters of births, etc.$zScotland$zLismore and Appin (Parish)
=650  \0$aInscriptions$zScotland$zLismore and Appin (Parish)
=651  \0$aLismore and Appin (Scotland : Parish)$vGenealogy.
=650  \0$aRegisters of births, etc.$zScotland$zMull, Island.
=650  \0$aSepulchral monuments$zScotland$zMull, Island.
=650  \0$aInscriptions$zScotland$zMull, Island.
=650  \0$aRegisters of births, etc.$zScotland$zUlva.
=650  \0$aSepulchral monuments$zScotland$zUlva.
=650  \0$aInscriptions$zScotland$zUlva.
=651  \0$aMull, Island (Scotland)$vGenealogy.
=651  \0$aUlva (Scotland)$vGenealogy.
=700  1\$aFleming, Stuart E.
=710  2\$aScottish Genealogy Society.
=852  41$aBritish Library$bHMNTS$ivol. 2
=CAT  \\$aBATCH$b00$c20040427$lTMP01$h1712
=CAT  \\$c20040427$lTMP01$h1714
=CAT  \\$aEXLIBRIS$c20040606$lBLL01$h1133
=CAT  \\$c20040612$lBLL01$h1940
=CAT  \\$a10932$b40$c20051206$lBLL01$h1111
=FIN  \\$aY$d20051206
=LEO  \\$aMP5.0000468045
=SRC  \\$aLDS01$bbiblm.200404.2.aa
=SRC  \\$aBNB03$bbibmp5.200404.2.aa
=LAS  \\$a10932$b40$c20051206$lBLL01$h1111

