=LDR  01669 as a2200457 a 4500
=001  012907444
=003  Uk
=005  20210118135511.0
=007  ta
=008  040428d200u2017enkwr\\\\a\\\\0\\\a0eng\\
=FMT  \\$a  SE
=022  \\$a1472-8656$202
=040  \\$aUk$beng$cUk$dUk
=042  \\$aissnuk$aukblsr
=082  04$a615.10272$223
=222  \0$aDerwent documentation abstracts. Journal section B, Pharmaceuticals
=245  00$aDerwent documentation abstracts.$nJournal section B,$pPharmaceuticals.
=246  30$aPharmaceuticals
=246  18$aDAJ.$nSection B,$pPharmaceuticals
=260  \\$aLondon :$bDerwent Thomson Scientific,$c-[2017]
=264  31$a[London] :$bThomson Reuters
=300  \\$av. ;$c27 cm.
=310  \\$aWeekly
=336  \\$atext$2rdacontent
=337  \\$aunmediated$2rdamedia
=338  \\$avolume$2rdacarrier
=362  1\$aCeased with update range 2017/83/3 (2 January 2017).
=588  \\$aDescription based on: update range: 2015/25 (24 April 2015).
=588  \\$aLatest issue consulted: update range: 2015/28 (08 May 2015).
=650  \0$aDrugs$vPatents$vAbstracts$vPeriodicals.
=710  2\$aDerwent Information (Firm),$eissuing body.
=852  41$aBritish Library$bSTI$kIP Reserve North$3Issue 25 (24 Apr. 2015)-issue 83, vol. 3 (02 Jan. 2017)
=CAT  \\$a11439$b40$c20040428$lTMP01$h1647
=CAT  \\$aEXLIBRIS$c20040606$lBLL01$h1133
=CAT  \\$a11313$b40$c20080723$lBLL01$h1412
=CAT  \\$a10806$b40$c20150604$lBLL01$h1448
=CAT  \\$a11205$b40$c20150617$lBLL01$h1039
=CAT  \\$a8323$b40$c20210118$lBLL01$h1355
=FIN  \\$aY$d20080723
=TCO  \\$aCLA$bCLA$c008
=LAS  \\$a8323$b40$c20210118$lBLL01$h1355

