=LDR  01379 am a2200433 a 4500
=001  012913209
=003  Uk
=005  20040510132318.0
=008  040510s2004\\\\enka\\\\\\\\\\000\0\eng\\
=FMT  \\$a  BK
=015  \\$aGBA440767$2bnb
=020  \\$c(pbk.) : No price
=040  \\$aUk$beng$cUk
=042  \\$aukblsr
=082  04$a381.459102854678$222
=245  00$aHolidays on the Internet.
=260  \\$aLondon :$bMintel International Group,$c2004.
=300  \\$aii, 66 p. :$bill. ;$c30 cm.
=336  \\$atext$2rdacontent
=337  \\$aunmediated$2rdamedia
=338  \\$avolume$2rdacarrier
=490  0\$aLeisure intelligence
=650  \0$aTourism$xComputer network resources.
=650  \0$aTourism$xStatistics.
=650  \0$aElectronic commerce$xStatistics.
=650  \0$aMarket surveys$zGreat Britain.
=690  7\$aManagement and Business Studies$2blcoll
=710  2\$aMintel International Group Ltd.
=852  11$aBritish Library$bSTI$cRES
=957  \\$tM/38104-05
=CAT  \\$a11251$b40$c20040510$lTMP01$h1318
=CAT  \\$a11251$b40$c20040510$lTMP01$h1323
=CAT  \\$a11340$b40$c20040521$lTMP01$h0925
=CAT  \\$aEXLIBRIS$c20040606$lBLL01$h1133
=CAT  \\$aBATCH$b00$c20090611$lBLL01$h1709
=CAT  \\$aBATCH690$c20100715$lBLL01$h2103
=CAT  \\$aBATCH-MBS$c20100716$lBLL01$h2047
=FIN  \\$aY
=LAS  \\$aBATCH-MBS$b00$c20100716$lBLL01$h2047

