=LDR  02535cas a22006377a 4500
=001  012924440
=003  Uk
=005  20230210010237.0
=008  040525c20049999enkar\p\\\\\\\0\\\a0eng\\
=FMT  \\$a  SE
=022  0\$a1743-3924$y1469-2236$202
=040  \\$aUk$beng$cUk
=042  \\$aissnuk
=130  0\$aTrust (London, England : 2004)
=222  \0$aTrust$b(London)
=245  10$aTrust :$bthe investment trust magazine from Baillie Gifford.
=260  \\$aLondon :$bMediamark Publishing,$c2004-
=264  31$aLondon :$bBaillie Gifford
=300  \\$av. :$bill. (chiefly col.), ports. (chiefly col.) ;$c28 cm.
=310  \\$aAnnual
=336  \\$atext$2rdacontent
=337  \\$aunmediated$2rdamedia
=338  \\$avolume$2rdacarrier
=362  0\$aIssue 1-
=540  \\$aCurrent Copyright Fee: GBP25.00$c0$5Uk
=610  20$aBaillie Gifford (Firm)$vPeriodicals.
=650  \0$aMutual funds$vPeriodicals.
=710  2\$aBaillie Gifford (Firm)
=852  11$aBritish Library$bSTI$cBIPC$kBIPC Trade Literature Collection$3Issue 1 (2004)-
=985  \\$aNew 710. No 042 ukblsr required
=CAT  \\$a8124$b40$c20040525$lTMP01$h1541
=CAT  \\$aEXLIBRIS$c20040606$lBLL01$h1134
=CAT  \\$a11313$b40$c20050310$lBLL01$h0827
=CAT  \\$a9570$b40$c20050404$lBLL01$h1457
=CAT  \\$a5110$b40$c20130423$lBLL01$h1117
=CAT  \\$aBATCH-CLA$b00$c20170531$lBLL01$h1701
=CAT  \\$aIPL-CLA$c20170630$lBLL01$h1603
=CAT  \\$aBATCH-CLA$b00$c20171130$lBLL01$h1717
=CAT  \\$aIPL-CLA$c20171231$lBLL01$h1631
=CAT  \\$aBATCH-CLA$b00$c20191129$lBLL01$h1632
=CAT  \\$aIPL-CLA$c20191231$lBLL01$h1927
=CAT  \\$aBATCH-CLA$b00$c20201126$lBLL01$h1422
=CAT  \\$aIPL-CLA$c20201231$lBLL01$h2151
=CAT  \\$aBATCH-CLA$b00$c20221130$lBLL01$h1501
=CAT  \\$aIPL-CLA$c20221231$lBLL01$h2055
=CAT  \\$aBATCH-CLA$b00$c20230209$lBLL01$h1548
=CAT  \\$aIPL-CLA$c20230210$lBLL01$h0102
=CFI  0\$aCurrent Copyright Fee: GBP25.00$c0$e09-feb-2023$fGBP25.00$g0$hC$5Uk
=CFI  2\$aBritish Library not licensed to copy$c0$e01-jan-2023$hC$iCFP Excluded$5Uk
=FIN  \\$aY$d20050310
=TCO  \\$aCLA$bCLA$c008
=ACF  \\$aPrevious Copyright Fee: GBP15.00$c0$e01-jul-2017$fGBP15.00$g0$hC$5Uk
=ACF  \\$aPrevious Copyright Fee: GBP17.50$c0$e01-jan-2018$fGBP17.50$g0$hC$5Uk
=ACF  \\$aPrevious Copyright Fee: GBP20.00$c0$e01-jan-2020$fGBP20.00$g0$hC$5Uk
=ACF  \\$aPrevious Copyright Fee: GBP22.50$c0$e01-jan-2021$fGBP22.50$g0$hC$5Uk
=LAS  \\$aIPL-CLA$b00$c20230210$lBLL01$h0102

