=LDR  01832cam a2200517 a 4500
=001  012932979
=003  Uk
=005  20050630165811.0
=008  040506m20049999enkac\\e\b\\\\001\0\eng\\
=FMT  \\$a  BK
=015  \\$aGBA443906$2bnb
=016  7\$a012932979$2Uk
=020  \\$a184176793X (1. : pbk.) :$c£10.99
=020  \\$a1841767948 (2. : pbk.) :$c£10.99
=040  \\$aStDuBDS
=042  \\$aukblsr
=082  04$a940.27$222
=100  1\$aPawly, Ronald,$d1956-
=245  10$aNapoleon's imperial headquarters /$cRonald Pawly ; illustrated by Patrice Courcelle.
=260  \\$aOxford :$bOsprey Publishing,$c2004-
=300  \\$av. :$bill. (some col.), ports. ;$c25 cm.
=336  \\$atext$2rdacontent
=337  \\$aunmediated$2rdamedia
=338  \\$avolume$2rdacarrier
=490  1\$aElite ;$v115, 116
=504  \\$aIncludes bibliographical references and index.
=505  1\$a1. Organization & personnel -- 2. On campaign.
=600  00$aNapoleon$bI,$cEmperor of the French,$d1769-1821$xEmployees.
=610  10$aFrance.$bArmée$xHeadquarters.
=610  10$aFrance.$bArmée$xHistory$y19th century.
=650  \0$aRoyal households$zFrance$xHistory$y19th century.
=830  \0$aElite ;$v115, 116
=852  41$aBritish Library$bHMNTS$i2
=852  41$aBritish Library$bHMNTS$i1
=CAT  \\$aBATCH$b00$c20040615$lBLL01$h1510
=CAT  \\$c20040615$lBLL01$h1511
=CAT  \\$c20040615$lBLL01$h1519
=CAT  \\$a12328$b40$c20050627$lBLL01$h1408
=CAT  \\$a10932$b40$c20050630$lBLL01$h1647
=CAT  \\$a10932$b40$c20050630$lBLL01$h1658
=CAT  \\$aBATCH$b00$c20091217$lBLL01$h0320
=CAT  \\$aBATCH-UPD$b00$c20101009$lBLL01$h1519
=CAT  \\$aWR16_021$c20160610$lBLL01$h1945
=CAT  \\$aW2308-1659$c20230923$lBLL01$h0903
=FIN  \\$aY$d20050630
=LAS  \\$aW2308-1659$b00$c20230923$lBLL01$h0903

