=LDR  01491 am a2200421 a 4500
=001  012951871
=003  Uk
=005  20041015115447.0
=008  030130s2003\\\\ohu\\\\\\b\\\\001\0\eng\\
=FMT  \\$a  BK
=010  \\$a  2003040080
=020  \\$a1586831208 (pbk.) :$cNo price
=040  \\$aDLC$cDLC$dUk
=042  \\$aUkblsr
=043  \\$an-us---
=050  00$aZ675.S3$bC5 2003
=082  00$a027.8$222
=100  1\$aChurch, Audrey P.,$d1957-
=245  10$aLeverage your library program to help raise test scores :$ba guide for library media specialists, principals, teachers, and parents /$cAudrey P. Church.
=260  \\$aWorthington, Ohio :$bLinworth Pub.,$cc2003.
=300  \\$aix, 121 p. ;$c23 cm.
=336  \\$atext$2rdacontent
=337  \\$aunmediated$2rdamedia
=338  \\$avolume$2rdacarrier
=504  \\$aIncludes bibliographical references and index.
=650  \0$aSchool libraries$zUnited States.
=650  \0$aInstructional materials centers$zUnited States.
=650  \0$aTeacher-librarians$zUnited States.
=650  \0$aMedia programs (Education)$zUnited States.
=650  \0$aInformation literacy$zUnited States.
=650  \0$aAcademic achievement$zUnited States.
=650  \0$aLibraries and education$zUnited States.
=852  11$aBritish Library$bHMNTS$cSPHOA$kHUR027.8
=CAT  \\$a10958$b40$c20040715$lBLL01$h0745
=CAT  \\$a10896$b40$c20041015$lBLL01$h1154
=FIN  \\$aY
=SRC  \\$aBLL02$bpart.2.ai
=LAS  \\$a10896$b40$c20041015$lBLL01$h1154

