=LDR  01008 am a2200337 a 4500
=001  012957913
=003  Uk
=005  20040728132647.0
=008  030524s1994\\\\enka\\\\\\\\\\001\0\eng\\
=FMT  \\$a  BK
=015  \\$aGBA453894$2bnb
=020  \\$a1858730198 (pbk.) :$c£6.95
=040  \\$aUk$dIeDuTC$dUk
=042  \\$aukblsr
=082  04$a616.65$222
=100  1\$aSpeakman, M. J.$q(Mark Joseph)
=245  10$aProstatic disease :$bwhen to refer /$cM.J. Speakman, J. Davidson.
=260  \\$aLondon :$bScience Press,$cc1994.
=300  \\$a37 p. :$bill. ;$c21 cm.
=336  \\$atext$2rdacontent
=337  \\$aunmediated$2rdamedia
=338  \\$avolume$2rdacarrier
=500  \\$aIncludes index.
=650  \0$aProstate$xDiseases.
=700  1\$aDavidson, J.$q(James Edward)
=852  71$aBritish Library$bHMNTS$k(B)$hGV 73$2blsrissc
=CAT  \\$a11280$b40$c20040726$lBLL01$h1545
=CAT  \\$a8964$b40$c20040728$lBLL01$h1326
=FIN  \\$aY
=SID  \\$aZ39$bCURL
=LAS  \\$a8964$b40$c20040728$lBLL01$h1326

