=LDR  01647 am a2200421 a 4500
=001  012964093
=003  Uk
=005  20040914074551.0
=006  m\\\\|\\\d\|\\\\\\
=007  co|cg\|||m||||
=008  040804s2004\\\\enk|||||s||||o00|\0\eng\\
=FMT  \\$a  BK
=015  \\$aGBA466109$2bnb
=040  \\$aUk$beng$cUk
=042  \\$aukblsr
=082  04$a331.620941$222
=245  00$aRacial equality and the smaller business$h[electronic resource] :$ba practical guide.
=260  \\$a[London] :$bCommission for Racial Equality,$c[2004].
=300  \\$a1 CD-ROM :$bcol. ;$c4 3/4 in.
=336  \\$atext$2rdacontent
=337  \\$acomputer$2rdamedia
=338  \\$acomputer disc$2rdacarrier
=538  \\$aSystem requirements: IBM compatible PC; 300 MHz Pentium processor or later; 64 MB RAM; Windows 98 or later; Adobe Acrobat Reader, Microsoft Word for Windows.
=538  \\$aSystem requirements: Macintosh; 300 MHz PowerPC processor; 64 MB RAM; MacOS 9.1 or later; Adobe Acrobat Reader.
=500  \\$aTitle from title screen
=650  \0$aDiscrimination in employment$zGreat Britain.
=650  \0$aSmall business$zGreat Britain.
=690  7\$aManagement and Business Studies$2blcoll
=690  7\$aSocial Welfare$2blcoll
=710  1\$aGreat Britain.$bCommission for Racial Equality.
=852  11$aBritish Library$bHMNTS$cSPHOA$hSPR.CD.185
=CAT  \\$a6156$b40$c20040804$lBLL01$h0840
=CAT  \\$a8141$b40$c20040914$lBLL01$h0745
=CAT  \\$aBATCH$b00$c20090611$lBLL01$h1711
=CAT  \\$aBATCH$b00$c20110625$lBLL01$h0509
=CAT  \\$aBATCH-SWP4$c20110627$lBLL01$h1551
=FIN  \\$aY
=LAS  \\$aBATCH-SWP4$b00$c20110627$lBLL01$h1551

