=LDR  00953 am a22003137  4500
=001  012966752
=003  Uk
=005  20040810122341.0
=008  930619s1948\\\\ii\acf\\\\\\\\000\0\eng\\
=FMT  \\$a  BK
=010  \\$a59055498 /L
=035  \\$a(MH)MHAPH67300HU
=040  \\$aDLC$cMH$dCStRLIN$dUk
=100  1\$aElenjimittam, Anthony.
=245  14$aThe poet of Hindustan.
=260  \\$aCalcutta :$bOrient Book Co.,$c1948.
=300  \\$aix, 119 p., iv plates :$bill., ports. ;$c25 cm.
=336  \\$atext$2rdacontent
=337  \\$aunmediated$2rdamedia
=338  \\$avolume$2rdacarrier
=600  10$aTagore, Rabindranath,$d1861-1941.
=852  41$aBritish Library$bOC$mV 2024
=985  \\$a100 as NACO, OIOC used d.o.b.
=CAT  \\$a2407$b40$c20040810$lBLL01$h1223
=CAT  \\$aBATCH-UPD$b40$c20070911$lBLL01$h2358
=CAT  \\$aBATCH-UPD$b40$c20080907$lBLL01$h2247
=FIN  \\$aY
=SID  \\$aZ39$bRLG
=LAS  \\$aBATCH-UPD$b40$c20080907$lBLL01$h2247

