=LDR  00906 am a22002775a 4500
=001  012973723
=003  Uk
=005  20200417182853.0
=008  040819s\\\\\\\\\\\\\\\\\\\\\\\0\\\\per\\
=FMT  \\$a  BK
=020  \\$a9647514239
=040  \\$aUk$beng$cUk
=100  \\$aTaslimi, Ali
=245  \0$aGuzarahha'i dar adabiyat-i mu'asir ( Shi'r )$bPishamadrn, madrn, pastmadrn
=260  \\$aTihran$bAkhtaran$c1383
=336  \\$atext$2rdacontent
=337  \\$aunmediated$2rdamedia
=338  \\$avolume$2rdacarrier
=852  41$aBritish Library$bOC$mYP.2004.a.4939
=985  \\$aUpgraded by BSS-generated file for WR1910-0531
=CAT  \\$a11612$b40$c20040819$lBLL01$h1745
=CAT  \\$a11612$b40$c20040819$lBLL01$h1749
=CAT  \\$aOC-CORR$c20101126$lBLL01$h1021
=CAT  \\$aBATCH-UPD$b00$c20101126$lBLL01$h1035
=CAT  \\$aW1910-0531$b00$c20200417$lBLL01$h1828
=LAS  \\$aW1910-0531$b00$c20200417$lBLL01$h1828

