=LDR  01510 am a2200421 a 4500
=001  012974428
=003  Uk
=005  20041018133359.0
=006  m\\\\|\\\d\|\\\\\\
=007  co|cg\|||a||||
=008  040822s2004\\\\enk||||\s\\\\o00|\0\eng\\
=FMT  \\$a  BK
=015  \\$aGBA466059$2bnb
=040  \\$aUk$beng$cUk
=042  \\$aukblsr
=082  04$a328.3345094276$222
=110  2\$aBoundary Committee for England
=245  10$aDraft recommendations on the future electoral arrangements for Lancashire$h[electronic resource] /$cBoundary Committee for England.
=246  1\$iTitle printed on CD-ROM:$aFuture electoral arrangements for Lancashire
=250  \\$a[New ed.]
=260  \\$a[London] :$bThe Boundry Committee for England,$c2004.
=300  \\$a1 CD-ROM :$bcol. ;$c4 3/4 in.
=336  \\$atext$2rdacontent
=337  \\$acomputer$2rdamedia
=338  \\$acomputer disc$2rdacarrier
=500  \\$aTitle from title screen.
=500  \\$aPrevious issue in print: 2003.
=516  \\$aPDF format.
=530  \\$aAlso issued in print format.
=610  10$aLancashire (England).$bCounty Council$xAdministration.
=650  \0$aElection districts$zEngland$zLancashire.
=651  \0$aLancashire (England)$xAdministrative and political divisions.
=852  11$aBritish Library$bHMNTS$cSPHOA$hSPR.CD.189
=CAT  \\$a6156$b40$c20040822$lBLL01$h1127
=CAT  \\$a8141$b40$c20040913$lBLL01$h0820
=CAT  \\$a8141$b40$c20041018$lBLL01$h1333
=FIN  \\$aY
=LAS  \\$a8141$b40$c20041018$lBLL01$h1333

