=LDR  01503 am a2200421 a 4500
=001  012974429
=003  Uk
=005  20041001113053.0
=006  m\\\\|\\\d\|\\\\\\
=007  co|cg||||a||||
=008  040822s2004\\\\enk\\\\\s\\\\o000\0\eng\\
=FMT  \\$a  BK
=015  \\$aGBA471065$2bnb
=040  \\$aUk$beng$cUk
=042  \\$aukblsr
=082  04$a328.3345094284$222
=110  2\$aBoundary Committee for England.
=245  10$aFuture electoral arrangements for North Yorkshire$h[electronic resource] :$bdraft recommendations /$cBoundary Committee for England.
=260  \\$a[London] :$bHMSO,$c2004.
=300  \\$a1 CD-ROM :$bcol. ;$c4 3/4 in.
=336  \\$atext$2rdacontent
=337  \\$acomputer$2rdamedia
=338  \\$acomputer disc$2rdacarrier
=500  \\$aTitle from CD-ROM label.
=538  \\$aSystem requirements: IBM compatible PC; Windows.
=516  \\$aPDF format.
=500  \\$a"Reissue-June 2004".
=610  10$aNorth Yorkshire (England).$bCounty Council$xAdministration.
=650  \0$aElection districts$zEngland$zNorth Yorkshire.
=651  \0$aNorth Yorkshire (England)$xAdministrative and political divisions.
=852  11$aBritish Library$bHMNTS$cSPHOA$hSPR.CD.193
=CAT  \\$a6156$b40$c20040822$lBLL01$h1134
=CAT  \\$a7332$b40$c20041001$lBLL01$h1130
=CAT  \\$a11251$b40$c20051201$lBLL01$h1836
=CAT  \\$a11251$b40$c20051201$lBLL01$h1837
=CAT  \\$aBATCH-UPD$b40$c20170913$lBLL01$h1405
=FIN  \\$aY
=LAS  \\$aBATCH-UPD$b40$c20170913$lBLL01$h1405

