=LDR  01711 am a2200457 a 4500
=001  012974437
=003  Uk
=005  20041129115443.0
=006  m\\\\|\\\d\|\\\\\\
=007  co|cg|||||||||
=008  040822s2004\\\\nik\\\\\s\\\\o000\0\eng\\
=FMT  \\$a  BK
=015  \\$aGBA471057$2bnb
=040  \\$aUk$beng$cUk
=042  \\$aukblsr
=082  04$a304.609416$222
=110  2\$aNorthern Ireland Statistics & Research Agency.
=245  10$a2001 Census theme tables for higher level geographies$h[electronic resource].
=260  \\$aBelfast :$bNorthern Ireland Statistics & Research Agency,$cc2004.
=300  \\$a1 CD-ROM :$bcol. ;$c4 3/4 in.
=336  \\$atext$2rdacontent
=337  \\$acomputer$2rdamedia
=338  \\$acomputer disc$2rdacarrier
=500  \\$aTitle from CD-ROM label.
=538  \\$aSystem requirements: IBM compatible PC; Pentium 2 processor or later; 64 MB RAM; Windows 95 or later.
=538  \\$a6System requirements: Macintosh; 233 MHz processor or later; 32 MB RAM; OS 8.1 or later.
=651  \0$aNorthern Ireland$xCensus, 2001.
=651  \0$aNorthern Ireland$xPopulation$vStatistics.
=690  7\$aSocial Welfare$2blcoll
=852  41$aBritish Library$bHMNTS$cSPHOA$hSPR.CD.194
=CAT  \\$a6156$b40$c20040822$lBLL01$h1410
=CAT  \\$a7332$b40$c20041001$lBLL01$h1037
=CAT  \\$a7332$b40$c20041001$lBLL01$h1127
=CAT  \\$a7332$b40$c20041005$lBLL01$h1010
=CAT  \\$a7332$b40$c20041015$lBLL01$h1615
=CAT  \\$a11249$b40$c20041129$lBLL01$h1154
=CAT  \\$aBATCH$b00$c20110625$lBLL01$h0509
=CAT  \\$aBATCH-SWP4$c20110627$lBLL01$h1551
=CAT  \\$aBATCH-UPD$b00$c20130314$lBLL01$h0638
=FIN  \\$aY
=LAS  \\$aBATCH-UPD$b00$c20130314$lBLL01$h0638

