=LDR  01834 am a2200469 a 4500
=001  012974680
=003  Uk
=005  20041018124256.0
=006  m\\\\|\\\d\|\\\\\\
=007  co||g\|||a||||
=008  040823s2004\\\\enk||||\s||||o00|\0\eng\\
=FMT  \\$a  BK
=015  \\$aGBA467638$2bnb
=040  \\$aUk$beng$cUk
=042  \\$aukblsr
=082  04$a328.3345094257$222
=110  2\$aBoundary Committee for England.
=245  10$aFinal recommendations on the future arrangements for Oxfordshire County Council$h[electronic resource] :$breport to the Electoral Commission /$c[Boundary Committee for England].
=246  1\$iTitle printed on CD-ROM:$aFuture electoral arrangements for Oxfordshire County Council :$bfinal recommendations
=260  \\$a[London] :$bThe Boundary Committee for England,$c2004.
=300  \\$a1 CD-ROM :$bcol. ;$c4 3/4 in.
=336  \\$atext$2rdacontent
=337  \\$acomputer$2rdamedia
=338  \\$acomputer disc$2rdacarrier
=538  \\$aSystem requirements: IBM compatible PC; Windows.
=500  \\$aTitle from title screen.
=516  \\$aPDF format.
=500  \\$aReport no. 373.
=610  10$aOxfordshire (England).$bCounty Council$xAdministration.
=650  \0$aElection districts$zEngland$zOxfordshire.
=651  \0$aOxfordshire (England)$xAdministrative and political divisions.
=852  11$aBritish Library$bHMNTS$hSPR.CD.188
=CAT  \\$a7750$b40$c20040823$lBLL01$h1112
=CAT  \\$a8141$b40$c20040917$lBLL01$h0800
=CAT  \\$a8141$b40$c20040917$lBLL01$h0803
=CAT  \\$a8141$b40$c20040917$lBLL01$h0839
=CAT  \\$a8141$b40$c20041018$lBLL01$h1242
=CAT  \\$aBATCH-UPD$b40$c20080703$lBLL01$h1445
=CAT  \\$aBATCH-UPD$b40$c20090119$lBLL01$h2121
=CAT  \\$aBATCH-UPD$b40$c20161020$lBLL01$h0732
=FIN  \\$aY
=LAS  \\$aBATCH-UPD$b40$c20161020$lBLL01$h0732

