=LDR  01711 am a2200433 a 4500
=001  012974700
=003  Uk
=005  20041018132718.0
=006  m\\\\|\\\d\|\\\\\\
=007  co||g\|||a||||
=008  040823s2001\\\\enk||||\s||||o00|\0\eng\\
=FMT  \\$a  BK
=015  \\$aGBA467662$2bnb
=040  \\$aUk$beng$cUk
=042  \\$aukblsr
=082  04$a328.3345094255$222
=110  2\$aBoundary Committee for England
=245  10$aFinal recommendations on the future electoral arrangements for East Sussex County Council$h[electronic resource] :$breport to the Electoral Commission /$c[The Boundary Committee for England].
=246  1\$iTitle printed on CD-ROM:$aFuture electoral arrangements for East Sussex County Council :$bfinal recommendations
=260  \\$a[London] :$bThe Boundary Committee for England,$c2004.
=300  \\$a1 CD-ROM :$bcol. ;$c4 3/4 in.
=336  \\$atext$2rdacontent
=337  \\$acomputer$2rdamedia
=338  \\$acomputer disc$2rdacarrier
=490  1\$aReport ;$vno. 375
=538  \\$aSystem requirements: IBM compatible PC; Windows.
=500  \\$aTitle from title screen.
=516  \\$aPDF format.
=610  10$aEast Sussex (England).$bCounty Council$xAdministration.
=650  \0$aElection districts$zEngland$zEast Sussex.
=651  \0$aEast Sussex (England)$xAdministrative and political divisions.
=810  2\$aBoundary Committee for England.$tReport.$vno. 375.
=852  11$aBritish Library$bHMNTS$cSPHOA$hSPR.CD.190
=CAT  \\$a7750$b40$c20040823$lBLL01$h1123
=CAT  \\$a8141$b40$c20040917$lBLL01$h1114
=CAT  \\$a8141$b40$c20041018$lBLL01$h1324
=CAT  \\$a8141$b40$c20041018$lBLL01$h1327
=FIN  \\$aY
=LAS  \\$a8141$b40$c20041018$lBLL01$h1327

