=LDR  01938 am a2200445 a 4500
=001  012977778
=003  Uk
=005  20090622112311.0
=006  m\\\\|\\\m\|\\\\\\
=007  co|cga|||m||||
=008  040825s2004\\\\enk|||||s||||o00|\0\eng\\
=FMT  \\$a  BK
=015  \\$aGBA472609$2bnb
=020  \\$a184572013X :$cNo price
=040  \\$aUk$beng$cUk
=042  \\$aukblsr
=082  04$a371.910941$222
=245  00$aLearners' experiences$h[electronic resource] :$ba training resource on the Disability Discrimination Act.
=260  \\$aLondon :$bLearning and Skills Development Agency,$cc2004.
=300  \\$a1 DVD-ROM :$bsd., col. ;$c4 3/4 in.
=300  \\$a1 CD-ROM ;$c4 3/4 in.
=336  \\$atext$2rdacontent
=337  \\$acomputer$2rdamedia
=338  \\$acomputer disc$2rdacarrier
=538  \\$aSystem requirements: IBM compatible PC.
=500  \\$aTitle printed on DVD-ROM.
=520  \\$aThe DVD contains a short version (approx. 9 mins.) and a long version (approx. 26 mins.) of a film of learners with disabilities talking about their experiences, while the CD-ROM contains notes for facilitators. The resource is aimed at raising awareness of the needs of learners with disablities and the impact that staff in learning institutions can have on this.
=650  \0$aPeople with disabilities$xEducation$zGreat Britain
=650  \0$aPeople with disabilities$xLegal status, laws, etc.$zGreat Britain.
=690  7\$aSocial Welfare$2blcoll
=710  1\$aGreat Britain.$bLearning and Skills Development Agency
=852  41$aBritish Library$bHMNTS$cSPHOA$hSPR.CD.197
=CAT  \\$a6524$b40$c20040825$lBLL01$h0933
=CAT  \\$a8141$b40$c20041007$lBLL01$h1309
=CAT  \\$aBATCH-UPD$b40$c20061207$lBLL01$h1415
=CAT  \\$a8141$b40$c20090622$lBLL01$h1123
=CAT  \\$aBATCH$b00$c20110625$lBLL01$h0509
=CAT  \\$aBATCH-SWP4$c20110627$lBLL01$h1551
=FIN  \\$aY
=LAS  \\$aBATCH-SWP4$b00$c20110627$lBLL01$h1551

