=LDR  00880 am a2200277 a 4500
=001  012978571
=003  Uk
=005  20041120162245.0
=008  040826s2003\\\\ii\||||||d|||\000\0corir\
=FMT  \\$a  BK
=040  \\$aUk$beng$cUk
=100  1\$aPradhāna, Manmatha Kumāra.
=245  10$aSārasvata pratibhā /$cManmatha Kumāra Pradhāna.
=260  \\$aKaṭaka :$bSamyak Prakāśana,$c2003.
=300  \\$a160 p ;$c22 cm.
=336  \\$atext$2rdacontent
=337  \\$aunmediated$2rdamedia
=338  \\$avolume$2rdacarrier
=650  \0$aOriya (Indic people)$vBiography$vDictionaries.
=852  41$aBritish Library$bOC$iYP.2004.a.4985
=CAT  \\$a1583$b40$c20040826$lBLL01$h1153
=CAT  \\$a1583$b40$c20040826$lBLL01$h1159
=CAT  \\$a2174$b40$c20041120$lBLL01$h1621
=CAT  \\$a2174$b40$c20041120$lBLL01$h1622
=FIN  \\$aY
=LAS  \\$a2174$b40$c20041120$lBLL01$h1622

