=LDR  02197 am a2200505 a 4500
=001  012983167
=003  Uk
=005  20141113130558.0
=008  031203s2003\\\\is\\\\\\\b\\\\001\0\heb\c
=FMT  \\$a  BK
=010  \\$a   00377786 
=035  \\$a(OCoLC)54108469
=040  \\$aPUL$beng$cPUL$dOCLCF
=042  \\$apcc$aukblsr
=050  \4$aBM523.5.H3$bS65 2003
=100  1\$6880-01$aSoloveitchik, Joseph Dov,$d1903-1993
=240  10$6880-02$aShiʿure ha-Rav (Ḥalah)
=245  10$6880-03$aSefer Shiʿure ha-Rav :$bʿal Masekhet Ḥalah ṿe-ʿinyene mitsṿot ha-taluyot ba-arets /$cṿe-hu liḳut ... mi-shiʾure Yosef Dov ha-Leṿi Solovaiṭsiḳ ; nikhtav ṿe-neʿerakh ʿa. y. Ḥayim Avraham Shiyovits.
=246  17$6880-06$aShiʿure ha-Rav
=260  \\$6880-04$aYerushalayim :$bMesorah,$cc2003.
=300  \\$a230 pages ;$c25 cm
=336  \\$atext$2rdacontent
=337  \\$aunmediated$2rdamedia
=338  \\$avolume$2rdacarrier
=504  \\$aIncludes bibliographical references and indexes.
=630  00$aMishnah.$pḤallah$vCommentaries.
=650  \0$aHallah.
=650  \0$aJewish law.
=700  1\$6880-05$aShiyovits, Ḥayim Avraham.
=752  \\$aIsrael$dJerusalem.
=880  1\$6100-01//r$a‏סולובייצ׳יק, יוסף דוב.
=880  10$6240-02//r$a‏שיעורי הרב
=880  10$6245-03//r$a‏ספר שיעורי הרב :‏$b‏על מסכת חלה ועניני מצוות התלויות בארץ /‏$c‏והוא ליקוט ... משיועיר יוסף דוב הלוי סולובייצ׳יק ; נכתב ונערך ע׳׳י חיים אברהם שיוביץ.
=880  \\$6260-04//r$a‏ירושלים :‏$b‏מסורה,‏$c‏c2003.
=880  17$6246-06//r$a‏שיעורי הרב
=880  1\$6700-05//r$a‏שיבוביץ, חיים אברהם.
=852  41$aBritish Library$bOC$mYP.2004.a.4185
=985  \\$aCatalogued without book at hand.
=CAT  \\$a9268$b40$c20040902$lBLL01$h1200
=CAT  \\$a9268$b40$c20041206$lBLL01$h1506
=CAT  \\$a11837$b40$c20141113$lBLL01$h1305
=CAT  \\$aBATCH-UPD$b40$c20210115$lBLL01$h2021
=FIN  \\$aY$d20141113
=SID  \\$aZ39$bOCLC
=LAS  \\$aBATCH-UPD$b40$c20210115$lBLL01$h2021

