=LDR  01679 am a22004097a 4500
=001  012983647
=003  Uk
=005  20050311094344.0
=008  040903s2000\\\\xxu\\\\\\b\\\\100\0\eng\\
=FMT  \\$a  BK
=040  \\$aUk$beng$cUk
=100  1\$aBluhm, Katharina.
=245  10$aCapitalism without capitalists? :$bA bottom up view of industrial transformation in East Germany /$cKatharina Bluhm.
=260  \\$aCambridge, Mass. :$bMinda de Gunzburg Center for European Studies, Harvard University,$c2000.
=300  \\$a32 p. :$bill. ;$c28 cm.
=336  \\$atext$2rdacontent
=337  \\$aunmediated$2rdamedia
=338  \\$avolume$2rdacarrier
=490  1\$aProgram for the Study of Germany and Europe working paper series$vno. 00.1
=504  \\$aIncludes bibliographical references.
=500  \\$aConference paper.
=540  \\$aBritish Library not licensed to copy$c0$5Uk
=710  2\$aMinda de Gunzburg Center for European Studies (Harvard University)
=830  \0$aProgram for the Study of Germany and Europe working paper series ;$vno. 00.1.
=852  41$aBritish Library$bDSC$i9349.842500
=CAT  \\$a4861$b40$c20040903$lBLL01$h0917
=CAT  \\$a11070$b40$c20050310$lBLL01$h1718
=CAT  \\$a11070$b40$c20050311$lBLL01$h0943
=CAT  \\$aBATCH$b00$c20091217$lBLL01$h0326
=CAT  \\$aBATCH-CLA$b00$c20120928$lBLL01$h1840
=CAT  \\$aBATCH-CLA$b00$c20120930$lBLL01$h1052
=CAT  \\$aBATCH-CLA$b00$c20130508$lBLL01$h0741
=CAT  \\$aBATCH-UPD$b00$c20180810$lBLL01$h2111
=CFI  0\$aBritish Library not licensed to copy$c0$e07-sep-2011$hC$iTX$5Uk
=FIN  \\$aY$d20050311
=TCO  \\$aTRS$bCCC$c008
=LAS  \\$aBATCH-UPD$b00$c20180810$lBLL01$h2111

