=LDR  00906 am a22002655a 4500
=001  012987665
=003  Uk
=005  20190614183646.0
=008  040908s\\\\\\\\\\\\\\\\\\\\\\\0\\\\arm\\
=FMT  \\$a  BK
=040  \\$aUk$beng$cUk
=100  \\$aLukasyan, V.G.
=245  \0$aPolsahay Mamuli ev hraparakaxosut'yan skzbnavorume (1832-1853).
=260  \\$aErevan,$c1975.
=336  \\$atext$2rdacontent
=337  \\$aunmediated$2rdamedia
=338  \\$avolume$2rdacarrier
=883  0\$aLanguage codes assigned by Bayesian analysis of words present in record$d20181024$qUk$c0.997
=852  41$aBritish Library$bOC$mYP.2004.a.4844
=CAT  \\$a9268$b40$c20040908$lBLL01$h1643
=CAT  \\$a9268$b40$c20040908$lBLL01$h1647
=CAT  \\$aOC-CORR$c20101126$lBLL01$h1021
=CAT  \\$aBATCH-UPD$b00$c20101126$lBLL01$h1035
=CAT  \\$aW1903-1550$b00$c20190614$lBLL01$h1836
=LAS  \\$aW1903-1550$b00$c20190614$lBLL01$h1836

