=LDR  01482 am a2200421 a 4500
=001  012989249
=003  Uk
=005  20041130145305.0
=006  m\\\\|\\\d\|\\\\\\
=007  co|cg||||m||||
=008  040912s2004\\\\enk\\\\\s\\\\\000\0\eng\\
=FMT  \\$a  BK
=015  \\$aGBA471191$2bnb
=020  \\$a1853389595 :$cNo price
=040  \\$aUk$beng$cUk
=042  \\$aukblsr
=082  04$a006.7$222
=100  1\$aButler, Steve,$d1953-
=245  10$aWebsite design manual for the learning and skills sector$h[electronic resource] /$c[authors, Steve Butler ... [et al.].
=260  \\$aLondon :$bLearning and skills development Agency,$c2004.
=300  \\$a1 CD-ROM :$bcol. ;$c4 3/4 in.
=336  \\$atext$2rdacontent
=337  \\$acomputer$2rdamedia
=338  \\$acomputer disc$2rdacarrier
=500  \\$aTitle from CD-ROM label.
=538  \\$aSystem requirements: IBM compatible PC; Windows.
=650  \0$aWeb sites$xDesign$vHandbooks, manuals, etc.
=710  1\$aGreat Britain.$bLearning and Skills Development Agency
=852  41$aBritish Library$bHMNTS$cSPHOA$hSPR.CD.196
=CAT  \\$a7750$b40$c20040912$lBLL01$h1334
=CAT  \\$a7332$b40$c20041005$lBLL01$h1113
=CAT  \\$a7332$b40$c20041005$lBLL01$h1114
=CAT  \\$a5194$b40$c20041006$lBLL01$h0907
=CAT  \\$a5194$b40$c20041006$lBLL01$h1425
=CAT  \\$a11249$b40$c20041130$lBLL01$h1453
=CAT  \\$aBATCH-UPD$b40$c20061207$lBLL01$h1416
=FIN  \\$aY
=LAS  \\$aBATCH-UPD$b40$c20061207$lBLL01$h1416

