=LDR  02491 am a2200529 a 4500
=001  012989439
=003  Uk
=005  20080711125841.0
=008  050713s2004\\\\le\\\\\\\b\\\\000\0\ara\d
=FMT  \\$a  BK
=035  \\$a(OCoLC)60858559
=040  \\$aDGU$cDGU$dUk
=042  \\$aukblsr
=043  \\$aa-ba---
=066  \\$a(3
=100  1\$6880-01$aFāliḥ, Matrūk ibn Hāyis.
=245  13$6880-02$aal-Gharb wa-al-mujtamaʿ wa-al-dawlah wa-al-dīmuqrāṭīyah fī al-buldān al-ʿArabīyah :$bnamūdhaj al-ḥālah al-Baḥraynīyah fī siyāq al-ʿalāqāt al-Amrīkīyah wa-al-Barīṭānīyah, 1990-2003 /$cMatrūk al-Fāliḥ.
=250  \\$6880-03$aal-Ṭ̣abʿah 1.
=260  \\$6880-04$aBayrūt, Lubnān :$bDār al-Kunūz al-Adabīyah,$c2004.
=300  \\$a111 p. ;$c25 cm.
=336  \\$atext$2rdacontent
=337  \\$aunmediated$2rdamedia
=338  \\$avolume$2rdacarrier
=490  1\$6880-05$aSilsilat al-Gharb wa-al-ʿArab wa-al-dīmuqrāṭīyah ;$v1
=651  \0$aBahrain$xSocial conditions.
=651  \0$aBahrain$xPolitics and government.
=651  \0$aBahrain$xForeign relations$zUnited States.
=651  \0$aUnited States$xForeign relations$zBahrain.
=651  \0$aBahrain$xForeign relations$zGreat Britain.
=651  \0$aGreat Britain$xForeign relations$zBahrain.
=650  \0$aDemocracy$zBahrain.
=880  1\$6100-01/(3/r$aفالح، متروك بن هايس.
=880  12$6245-02/(3/r$aالغرب والمجتمع والدولة والديمقراطية في البلدان العربية :$bنموذج الحالة البحرينية في سياق العلاقات الأمريكية البريطانية، 1990-2003 /$cمتروك الفالح.
=880  \\$6250-03/(3/r$aالطبعة 1.
=880  \\$6260-04/(3/r$aبيروت، لبنان :$bدار الكنوز الأدبية،$c2004.
=880  \0$6440-05/(3/r$aسلسلة الغرب والعرب والديمقراطية ؛$v1
=830  \0$6880-05$aSilsilat al-Gharb wa-al-ʿArab wa-al-dīmuqrāṭīyah ;$v1
=852  41$aBritish Library$bOC$mYP.2004.a.5597
=CAT  \\$a7861$b40$c20040913$lBLL01$h1051
=CAT  \\$a12958$b40$c20080711$lBLL01$h1258
=CAT  \\$aBATCH-UPD$b40$c20080830$lBLL01$h1326
=CAT  \\$aBATCH$b00$c20091217$lBLL01$h0327
=CAT  \\$aBATCH-UPD$b00$c20150118$lBLL01$h2140
=CAT  \\$aBATCH-UPD$b00$c20151218$lBLL01$h0425
=FIN  \\$aY$d20080711
=SID  \\$aZ39$bOCLC
=LAS  \\$aBATCH-UPD$b00$c20151218$lBLL01$h0425

