=LDR  02485 am a2200505 a 4500
=001  012989729
=003  Uk
=005  20041029113653.0
=006  m\\\\|\\\d\|\\\\\\
=007  co||g\|||a||||
=008  040913s2004\\\\enk||||\s||||o00|\0\eng\\
=FMT  \\$a  BK
=015  \\$aGBA477689$2bnb
=040  \\$aUk$beng$cUk
=042  \\$aukblsr
=082  04$a327.17$222
=245  00$aEvaluation of the conflict prevention pools$h[electronic resource] /$cBradford University, Channel Research Ltd., PARC & Associated Consultants.
=260  \\$aLondon :$bDepartment for International Development,$c[2004?].
=300  \\$a1 CD-ROM :$bcol. ;$c4 3/4 in.
=336  \\$atext$2rdacontent
=337  \\$acomputer$2rdamedia
=338  \\$acomputer disc$2rdacarrier
=490  1\$aDFID reports$vEV 647
=538  \\$aSystem requirements: IBM compatible PC; Windows; Adobe Acrobat Reader.
=500  \\$aTitle printed on CD-ROM.
=516  \\$aPDF format.
=530  \\$aAlso issued via World Wide Web.
=505  0\$aEvaluation of the conflict prevention pools / Greg Austin -- Synthesis report / principal authors, Greg Austin ... et al. -- Afghanistan / principal authors, Jonathan Goodhand with Paul Bergne -- Russia and the Former Soviet Union / principal authors, Greg Austin and Paul Bergne-- Sierra Leone / principal author, Jeremy Ginifer with input from Kaye Oliver-- Sudan / principal author, Emery Brusset -- Security sector reform strategy / principal author, Nicole Ball -- Strengthening the United Nations / principal author, Pierre Robert with input from Andrew Mack-- Portfolio review / principal authors, Greg Austin and Malcolm Chalmers.
=610  20$aAfrica Conflict Prevention Pool (Great Britain)$xEvaluation.
=610  20$aGlobal Conflict Prevention Pool (Great Britain)$xEvaluation.
=650  \0$aConflict management.
=710  1\$aGreat Britain.$bDepartment for International Development.
=710  2\$aUniversity of Bradford.
=830  \0$aDFID reports$vEV 647
=852  11$aBritish Library$bHMNTS$hSPR.CD.198
=985  \\$aRecord amended for WR# 13/070
=CAT  \\$a7750$b40$c20040913$lBLL01$h1349
=CAT  \\$a8141$b40$c20041027$lBLL01$h1519
=CAT  \\$a5194$b40$c20041029$lBLL01$h1136
=CAT  \\$aBATCH-UPD$b40$c20070112$lBLL01$h2117
=CAT  \\$aBATCH$b00$c20091217$lBLL01$h0327
=CAT  \\$aWR13_070$b00$c20130504$lBLL01$h0234
=CAT  \\$aBATCH-UPD$b00$c20170108$lBLL01$h2050
=FIN  \\$aY
=LAS  \\$aBATCH-UPD$b00$c20170108$lBLL01$h2050

