=LDR  01236cam a22003857a 4500
=001  012991074
=003  Uk
=005  20040907120058.0
=008  040218s2004\\\\enka\\\\\\\\\\000\0\eng\\
=FMT  \\$a  BK
=015  \\$aGBA466193$2bnb
=020  \\$cNo price (pbk.)
=035  \\$a(WlAbNL)WlAbNLb13309432
=040  \\$aWlAbNL
=042  \\$aukscp
=082  04$a338.4739250941$222
=245  00$aWeddings and honeymoons abroad :$bleisure intelligence, January 2004.
=260  \\$aLondon :$bMintel International Group,$c2004.
=300  \\$aii, 52 p. :$bill. ;$c30 cm.
=336  \\$atext$2rdacontent
=337  \\$aunmediated$2rdamedia
=338  \\$avolume$2rdacarrier
=650  \0$aMarket surveys$zGreat Britain.
=650  \0$aWedding supplies and services industry.
=650  \0$aHoneymoons$xPlanning.
=710  2\$aMintel International Group Ltd.
=852  41$aBritish Library$bSTI$cRES
=985  \\$aDelivered as BNB#GBA4-16755
=CAT  \\$aBATCH$b00$c20040914$lBLL01$h1701
=CAT  \\$c20040914$lBLL01$h1701
=CAT  \\$c20041005$lBLL01$h1602
=CAT  \\$c20041005$lBLL01$h1607
=CAT  \\$aUE-01$b00$c20050929$lBLL01$h1521
=CAT  \\$aW2308-1659$c20230923$lBLL01$h0908
=LAS  \\$aW2308-1659$b00$c20230923$lBLL01$h0908

