=LDR  01704 am a2200493 a 4500
=001  012994385
=003  Uk
=005  20050113140435.0
=008  040917m20049999enk\\\\\\\\\\\000\0\eng\\
=FMT  \\$a  BK
=015  \\$aGBA479275$2bnb
=016  7\$a012994385$2Uk
=020  \\$a1899742581 (pt. 1 : pbk.) :$cNo price
=040  \\$aUk$beng$cUk
=042  \\$aukblsr
=082  04$a583.79$222
=100  1\$aClifton, R. T. F.$q(Richard Timothy Fred),$d1943-
=245  10$aGeraniaceae Benth. & Hook :$bchecklist of species with some descriptions & cultural notes /$ccompiled by R. Clifton.
=246  13$aGeraniaceae Bentham & Hooker
=250  \\$a2nd ed.
=260  \\$a[Dover?] :$bGeraniaceae Group,$c2004-
=300  \\$av. ;$c30 cm.
=336  \\$atext$2rdacontent
=337  \\$aunmediated$2rdamedia
=338  \\$avolume$2rdacarrier
=490  1\$aGeraniales species check list series ;$vv. 5
=500  \\$aTitle from cover.
=504  \\$aIncludes bibliographical references and index.
=505  1\$aPt. 1 Oxalis.
=500  \\$aPrevious ed. published in 1 vol.: 2000.
=650  \0$aGeraniaceae$xNomenclature.
=650  \0$aGeraniaceae$xIdentification.
=710  2\$aGeraniaceae Group.
=830  \0$aGeraniales species check list series ;$vv. 5
=852  41$aBritish Library$bSTI$ivol. 1
=CAT  \\$aAGENCY3$b40$c20040917$lBLL01$h1341
=CAT  \\$aAGENCY3$b40$c20040917$lBLL01$h1342
=CAT  \\$a11317$b40$c20041105$lBLL01$h1137
=CAT  \\$a11317$b40$c20050113$lBLL01$h1400
=CAT  \\$a11317$b40$c20050113$lBLL01$h1404
=CAT  \\$aBATCH$b00$c20091217$lBLL01$h0327
=CAT  \\$aWR16_021$c20160610$lBLL01$h1955
=FIN  \\$aY
=LAS  \\$aWR16_021$b00$c20160610$lBLL01$h1955

