=LDR  01778 am a2200433 a 4500
=001  013004796
=003  Uk
=005  20041029100755.0
=006  m\\\\|\\\d\|\\\\\\
=007  co||g\|||a||||
=008  041001s2004\\\\enk||||\sb\\\o00|\0\eng\\
=FMT  \\$a  BK
=015  \\$aGBA477754$2bnb
=040  \\$aUk$beng$cUk
=042  \\$aukblsr
=082  04$a328.3345094259$222
=245  00$aFinal recommendations on the future electoral arrangements for Buckinghamshire County Council$h[electronic resource] :$bReport to the Electoral Commission /$c[The Boundary Committee for England].
=246  1\$iTitle printed on CD-ROM:$aFuture electoral arrangements for Buckinghamshire County Council :$bFinal recommendations
=260  \\$a[London] :$bThe Boundary Committee for England,$c2004.
=300  \\$a1 CD-ROM ;$c4 3/4 in.
=336  \\$atext$2rdacontent
=337  \\$acomputer$2rdamedia
=338  \\$acomputer disc$2rdacarrier
=490  1\$aReport :$vno. 380
=538  \\$aSystem requirements: IBM compatible PC; Windows.
=500  \\$aTitle from title screen.
=516  \\$aPDF format.
=530  \\$aAlso issued in large-print and braille versions, and via the World Wide Web.
=610  10$aBuckinghamshire (England).$bCounty Council$xAdministration.
=650  \0$aElection districts$zEngland$zBuckinghamshire.
=651  \0$aBuckinghamshire (England)$xAdministrative and political divisions.
=810  2\$aBoundary Committee for England.$tReport.$vno. 380.
=852  11$aBritish Library$bHMNTS$hSPR.CD.204
=CAT  \\$a10902$b40$c20041001$lBLL01$h1438
=CAT  \\$a8141$b40$c20041029$lBLL01$h1007
=CAT  \\$aBATCH-UPD$b40$c20080703$lBLL01$h1503
=CAT  \\$aBATCH-UPD$b40$c20090209$lBLL01$h1550
=FIN  \\$aY
=LAS  \\$aBATCH-UPD$b40$c20090209$lBLL01$h1550

