=LDR  01391 am a2200385 a 4500
=001  013005148
=003  Uk
=005  20041101160353.0
=006  m\\\\|\\\d\|\\\\\\
=007  co|cga|||m||||
=008  041002s2002\\\\enk||||\s||||\00|\0\eng\\
=FMT  \\$a  BK
=015  \\$aGBA477924$2bnb
=040  \\$aUk$beng$cUk
=042  \\$aukblsr
=082  04$a338.927$222
=245  00$aGlobalization and sustainability$h[electronic resource] :$bimpacts on local communities : training module.
=260  \\$aLondon :$bLEAD International,$cc2002.
=300  \\$a1 CD-ROM :$bsd., col. ;$c4 3/4 in.
=336  \\$atext$2rdacontent
=337  \\$acomputer$2rdamedia
=338  \\$acomputer disc$2rdacarrier
=538  \\$aSystem requirements: IBM compatible PC; Pentium 133 MHz processor or later; 32 MB RAM; Windows 98 or later; Microsoft Internet Explorer 5.1 or later, Windows Media Player.
=500  \\$aTitle from title screen.
=650  \0$aSustainable development.
=650  \0$aSustainable development$zCanada.
=650  \0$aGlobalization.
=690  7\$aManagement and Business Studies$2blcoll
=710  2\$aLEAD International (Organization)
=852  11$aBritish Library$bHMNTS$hSPR.CD.203
=CAT  \\$a7750$b40$c20041002$lBLL01$h1307
=CAT  \\$a8141$b40$c20041101$lBLL01$h1603
=CAT  \\$aBATCH$b00$c20090611$lBLL01$h1712
=FIN  \\$aY
=LAS  \\$aBATCH$b00$c20090611$lBLL01$h1712

