=LDR  01580 am a2200409 a 4500
=001  013005149
=003  Uk
=005  20041102120355.0
=006  m\\\\|\\\d\|\\\\\\
=007  co|cga|||m||||
=008  041002s2004\\\\enk||||\s||||\00|\0\eng\\
=FMT  \\$a  BK
=015  \\$aGBA477956$2bnb
=020  \\$a0954692780 :$cNo price
=040  \\$aUk$beng$cUk
=042  \\$aukblsr
=082  04$a333.72$222
=245  00$aSectoral challenges to resource management for sustainable development$h[electronic resource].
=246  1\$iTitle printed on CD-ROM:$aSectoral challenges to natural resource management
=260  \\$aLondon :$bLEAD International,$cc2004.
=300  \\$a1 CD-ROM :$bsd., col. ;$c4 3/4 in.
=336  \\$atext$2rdacontent
=337  \\$acomputer$2rdamedia
=338  \\$acomputer disc$2rdacarrier
=538  \\$aSystem requirements: IBM compatible PC; Pentium 133 MHz processor or later; 32 MB RAM; Windows 98 or later; Microsoft Internet Explorer 5.1 or later, Adobe Acrobat Reader, Windows Media Player.
=500  \\$aTitle from title screen.
=650  \0$aNatural resources$xManagement.
=650  \0$aNatural resources$zBrazil$xManagement
=650  \0$aNatural resources$zChina$zLoess Plateau$xManagement.
=650  \0$aWater-supply$zChina$zLoess Plateau$xManagement.
=650  \0$aSustainable development.
=710  2\$aLEAD International (Organization)
=852  11$aBritish Library$bHMNTS$hSPR.CD.201
=CAT  \\$a7750$b40$c20041002$lBLL01$h1310
=CAT  \\$a8141$b40$c20041102$lBLL01$h1203
=FIN  \\$aY
=LAS  \\$a8141$b40$c20041102$lBLL01$h1203

