=LDR  01564 am a2200409 a 4500
=001  013005157
=003  Uk
=005  20041102120640.0
=006  m\\\\|\\\d\|\\\\\\
=007  co|cga|||m||||
=008  041002s2004\\\\enk||||\s||||\00|\0\eng\\
=FMT  \\$a  BK
=015  \\$aGBA477937$2bnb
=020  \\$a0954692772 :$cNo price
=040  \\$aUk$beng$cUk
=042  \\$aukblsr
=082  04$a363.610972$222
=245  00$aOur future with (out) water?$h[electronic resource] :$bthe sustainable management of common pool resources.
=260  \\$aLondon :$bLead International,$c2004.
=300  \\$a1 CD-ROM :$bsd., col. ;$c4 3/4 in.
=336  \\$atext$2rdacontent
=337  \\$acomputer$2rdamedia
=338  \\$acomputer disc$2rdacarrier
=538  \\$aSystem requirements: IBM compatible PC; 133 MHz processor or later; 32 MB RAM; Windows 98 or later; Microsoft Internet Explorer 5.1 or later, Adobe Acrobat Reader, Windows Media Player.
=500  \\$aTitle from title screen.
=650  \0$aNatural resources, Communal$xManagement.
=650  \0$aNatural resources, Communal$zMexico$xManagement.
=650  \0$aCoastal zone management$zYucatán Peninsula.
=650  \0$aFresh water$zMexico$xManagement.
=650  \0$aWater-supply$zMexico$zMexico City$xManagement.
=710  2\$aLEAD International (Organization)
=852  11$aBritish Library$bHMNTS$hSPR.CD.200
=CAT  \\$a7750$b40$c20041002$lBLL01$h1322
=CAT  \\$a8141$b40$c20041102$lBLL01$h0911
=CAT  \\$a8141$b40$c20041102$lBLL01$h1206
=FIN  \\$aY
=LAS  \\$a8141$b40$c20041102$lBLL01$h1206

