=LDR  02739cam a22006377a 4500
=001  013011125
=003  Uk
=005  20221231210116.0
=008  030820s2004\\\\enka\\\\\b\\\\000\0\eng\\
=FMT  \\$a  BK
=040  \\$aUk$beng$cUk
=082  04$a338.480941$222
=100  1\$aBuxton, Tony.
=245  10$aUK technology policy, the new economy and productivity in UK manufacturing industry /$cTony Buxton, Gerry Kennally.
=260  \\$aLondon :$bLondon Metropolitan University, Department of Economics,$c2004.
=300  \\$a24 p. :$bill. ;$c21 cm.
=336  \\$atext$2rdacontent
=337  \\$aunmediated$2rdamedia
=338  \\$avolume$2rdacarrier
=490  1\$aDiscussion paper series ;$vDEDP 04/06
=504  \\$aIncludes bibliographical references.
=540  \\$aCurrent Copyright Fee: GBP25.00$c0$5Uk
=690  7\$aManagement and Business Studies$2blcoll
=700  1\$aKennally, Gerry.
=710  2\$aLondon Metropolitan University.$bDepartment of Economics.
=830  \0$aDiscussion paper series (London Metropolitan University. Department of Economics) ;$vDEDP 04/06.
=852  41$aBritish Library$bDSC$i3597.966307$ino.6
=985  \\$aRecord amended for WR# 13/070
=BGT  \\$at
=CAT  \\$a8250$b40$c20041012$lBLL01$h0847
=CAT  \\$a8250$b40$c20041012$lBLL01$h0857
=CAT  \\$aWR13_070$b00$c20130504$lBLL01$h0235
=CAT  \\$aBATCH-CLA$b00$c20130527$lBLL01$h0243
=CAT  \\$aBATCH-CLA$c20131220$lBLL01$h2030
=CAT  \\$aIPL-CLA$c20131231$lBLL01$h2342
=CAT  \\$aBATCH-CLA$b00$c20161222$lBLL01$h1804
=CAT  \\$aIPL-CLA$c20161230$lBLL01$h2130
=CAT  \\$aBATCH-MBS$c20170106$lBLL01$h2113
=CAT  \\$aBATCH-CLA$b00$c20171222$lBLL01$h2125
=CAT  \\$aIPL-CLA$c20171231$lBLL01$h1636
=CAT  \\$aBATCH-CLA$b00$c20191219$lBLL01$h1732
=CAT  \\$aIPL-CLA$c20191231$lBLL01$h1929
=CAT  \\$aR2001-1524$c20200127$lBLL01$h2007
=CAT  \\$aBATCH-CLA$b00$c20201204$lBLL01$h1532
=CAT  \\$aIPL-CLA$c20201231$lBLL01$h2155
=CAT  \\$aBATCH-CLA$b00$c20221221$lBLL01$h1841
=CAT  \\$aIPL-CLA$c20221231$lBLL01$h2101
=CFI  0\$aCurrent Copyright Fee: GBP25.00$c0$e01-jan-2023$fGBP25.00$g0$hA$5Uk
=CFI  2\$aPrevious Copyright Fee: GBP22.50$c0$e01-jan-2021$fGBP22.50$g0$hA$5Uk
=FIN  \\$aY
=ACF  \\$aPrevious copyright fee: GBP12.00$c0$e01-jan-2012$fGBP12.00$g0$hA$5Uk
=ACF  \\$aPrevious Copyright Fee: GBP12.30$c0$e01-jan-2014$fGBP12.30$g0$hA$5Uk
=ACF  \\$aPrevious Copyright Fee: GBP15.00$c0$e01-jan-2017$fGBP15.00$g0$hA$5Uk
=ACF  \\$aPrevious Copyright Fee: GBP17.50$c0$e01-jan-2018$fGBP17.50$g0$hA$5Uk
=ACF  \\$aPrevious Copyright Fee: GBP20.00$c0$e01-jan-2020$fGBP20.00$g0$hA$5Uk
=LAS  \\$aIPL-CLA$b00$c20221231$lBLL01$h2101

