=LDR  02129cas a22005057a 4500
=001  013015452
=003  Uk
=005  20230201143057.0
=006  m\\\\\\\\d\|\\\\\\
=007  co|cg|||||||||
=008  041015d199u2016ii\qr\p\ss\\\\0\\\a0eng\\
=FMT  \\$a  SE
=040  \\$aUk$beng$cUk
=130  0\$aStatistics of the foreign trade of India by countries (CD-ROM)
=245  10$aStatistics of the foreign trade of India by countries$h[electronic resource].
=260  \\$aKolkata :$bDirectorate General of Commercial Intelligence & Statistics.
=300  \\$aCD-ROMs ;$c4 3/4 in.
=310  \\$aQuarterly
=336  \\$atext$2rdacontent
=337  \\$acomputer$2rdamedia
=338  \\$acomputer disc$2rdacarrier
=538  \\$aSystem requirements: IBM compatible PC; Pentium processor; Windows 98 or later; Internet Explorer 5.0 or later; Acrobat Reader 5.0 or later.
=500  \\$aTitle from CD-ROM label.
=505  0\$aContents: Vol. 1. Exports including re-exports. - Vol. 2. Imports.
=500  \\$aDescription based on: June 2003, vol. 1.
=651  \0$aIndia$xCommerce$vStatistics$vPeriodicals.
=650  \0$aExports$zIndia$vStatistics$vPeriodicals.
=650  \0$aImports$zIndia$vStatistics$vPeriodicals.
=710  1\$aIndia.$bDirectorate General of Commercial Intelligence and Statistics.
=776  0\$aStatistics of the foreign trade of India by countries
=852  41$aBritish Library$bHMNTS$cSPHOA$hSPR.CD.205$3Vol. 1 (2003)-v. 2 (2016)
=985  \\$aRecord merged by DQ team
=A02  \\$a3024442$z0
=CAT  \\$a3072$b40$c20041015$lBLL01$h1539
=CAT  \\$a3072$b40$c20041015$lBLL01$h1541
=CAT  \\$a3072$b40$c20041015$lBLL01$h1549
=CAT  \\$a3072$b40$c20041015$lBLL01$h1640
=CAT  \\$a3072$b40$c20041022$lBLL01$h1603
=CAT  \\$a8874$b40$c20050825$lBLL01$h1140
=CAT  \\$a7764$b40$c20230201$lBLL01$h1430
=FIN  \\$aY
=LKR  \\$aPAR$b007995147$lBLL01$r776$mStatistics of the foreign trade of India by countries.$nStatistics of the foreign trade of India by countries /
=SRC  \\$aDSS02$bbibh.200404.2.aa
=TCO  \\$aXXX$c008
=LAS  \\$a7764$b40$c20230201$lBLL01$h1430

