=LDR  02929cam a22006977a 4500
=001  013022075
=003  Uk
=005  20221231210156.0
=008  040223s2004\\\\enk\\\\\\b\\\o000\0\eng\\
=FMT  \\$a  BK
=040  \\$aUk$beng$cUk
=082  04$a658.4083$222
=100  1\$aBlackburn, R. A.
=245  10$aUK small firms and their responsibility to environmental pressures /$cR.A. Blackburn, A. Revell.
=260  \\$aSwindon :$bEconomic and Social Research Council,$c[2004].
=300  \\$a1 v. (various pagings) ;$c30 cm.
=336  \\$atext$2rdacontent
=337  \\$aunmediated$2rdamedia
=338  \\$avolume$2rdacarrier
=490  1\$aEnd of award report ;$vRES551250042
=500  \\$aPeriod of award: Jan. 2003 to Dec. 2004.
=504  \\$aIncludes bibliographical references.
=540  \\$aCurrent Copyright Fee: GBP25.00$c0$5Uk
=690  7\$aManagement and Business Studies$2blcoll
=700  1\$aRevell, A.
=710  2\$aEconomic and Social Research Council (Great Britain)
=830  \0$aEnd of award report (Economic and Social Research Council (Great Britain)) ;$vRES221250042.
=852  41$aBritish Library$bDSC$m3739.060850
=BGT  \\$at
=CAT  \\$a5883$b40$c20041012$lBLL01$h1618
=CAT  \\$a5883$b40$c20041012$lBLL01$h1622
=CAT  \\$a5883$b40$c20041026$lBLL01$h0829
=CAT  \\$a5883$b40$c20041026$lBLL01$h0839
=CAT  \\$a5883$b40$c20041026$lBLL01$h0850
=CAT  \\$aBATCH-CLA$b00$c20120928$lBLL01$h1824
=CAT  \\$aBATCH-CLA$b00$c20120930$lBLL01$h1025
=CAT  \\$aBATCH-CLA$b00$c20130508$lBLL01$h0706
=CAT  \\$aBATCH-CLA$c20131220$lBLL01$h2030
=CAT  \\$aIPL-CLA$c20131231$lBLL01$h2343
=CAT  \\$aBATCH-CLA$b00$c20161222$lBLL01$h1804
=CAT  \\$aIPL-CLA$c20161230$lBLL01$h2131
=CAT  \\$aBATCH-MBS$c20170106$lBLL01$h2113
=CAT  \\$aBATCH-CLA$b00$c20171222$lBLL01$h2125
=CAT  \\$aIPL-CLA$c20171231$lBLL01$h1636
=CAT  \\$aBATCH-CLA$b00$c20191219$lBLL01$h1732
=CAT  \\$aIPL-CLA$c20191231$lBLL01$h1930
=CAT  \\$aR2001-1524$c20200127$lBLL01$h2007
=CAT  \\$aBATCH-CLA$b00$c20201204$lBLL01$h1533
=CAT  \\$aIPL-CLA$c20201231$lBLL01$h2155
=CAT  \\$aBATCH-CLA$b00$c20221221$lBLL01$h1841
=CAT  \\$aIPL-CLA$c20221231$lBLL01$h2101
=CFI  0\$aCurrent Copyright Fee: GBP25.00$c0$e01-jan-2023$fGBP25.00$g0$hA$5Uk
=CFI  2\$aPrevious Copyright Fee: GBP22.50$c0$e01-jan-2021$fGBP22.50$g0$hA$5Uk
=FIN  \\$aY
=TCO  \\$aCLA$bCLA$c008
=ACF  \\$aPrevious copyright fee: GBP12.00$c0$e01-jan-2012$fGBP12.00$g0$hA$5Uk
=ACF  \\$aPrevious Copyright Fee: GBP12.30$c0$e01-jan-2014$fGBP12.30$g0$hA$5Uk
=ACF  \\$aPrevious Copyright Fee: GBP15.00$c0$e01-jan-2017$fGBP15.00$g0$hA$5Uk
=ACF  \\$aPrevious Copyright Fee: GBP17.50$c0$e01-jan-2018$fGBP17.50$g0$hA$5Uk
=ACF  \\$aPrevious Copyright Fee: GBP20.00$c0$e01-jan-2020$fGBP20.00$g0$hA$5Uk
=LAS  \\$aIPL-CLA$b00$c20221231$lBLL01$h2101

