=LDR  01288 am a22003617a 4500
=001  013022161
=003  Uk
=005  20210219214138.0
=008  040223s2004\\\\enka\\\\\b\\\o000\0\eng\\
=FMT  \\$a  BK
=040  \\$aUk$beng$cUk
=082  04$a336.278388$222
=100  10$aPotter, S.
=245  10$aTaxation futures for sustainable mobility /$cS. Potter, G. Pankhurst.
=260  \\$aSwindon :$bEconomic and Social Research Council,$c[2004].
=300  \\$a1 v. (various pagings) :$bill. ;$c30 cm.
=336  \\$atext$2rdacontent
=337  \\$aunmediated$2rdamedia
=338  \\$avolume$2rdacarrier
=490  1\$aEnd of award report ;$vRES221250013
=500  \\$aPeriod of award: Jan. 2003 to Dec. 2003.
=504  \\$aIncludes bibliographical references.
=690  7\$aManagement and Business Studies$2blcoll
=700  1\$aPankhurst, G.
=710  2\$aEconomic and Social Research Council (Great Britain)
=830  \0$aEnd of award report (Economic and Social Research Council (Great Britain)) ;$vRES221250013.
=852  41$aBritish Library$bDSC$m3769.060850
=BGT  \\$at
=CAT  \\$a5883$b40$c20041026$lBLL01$h0933
=CAT  \\$aBATCH-UPD$b40$c20210210$lBLL01$h1445
=CAT  \\$aBATCH-MBS$c20210219$lBLL01$h2141
=FIN  \\$aY
=LAS  \\$aBATCH-MBS$b00$c20210219$lBLL01$h2141

