=LDR  01988 am a2200481 a 4500
=001  013024509
=003  Uk
=005  20041104163438.0
=008  040827s2004\\\\au\a\\\\\b\\\\110\0\ger\c
=FMT  \\$a  BK
=020  \\$a3700132697 (pbk.)
=040  \\$aOHX$cOHX$dZCU$dUk
=043  \\$amm-----
=050  \4$aDF501.5$b.W54 2004
=072  \7$aDF$2lcco
=245  00$aWiener Byzantinistik und Neogräzistik :$bBeiträge zum Symposion Vierzig Jahre Institut für Byzantinistik und Neogräzistik der Universität Wien im Gedenken an Herbert Hunger, (Wien, 4.-7. Dezember 2002) /$cherausgegeben von Wolfram Hörandner, Johannes Koder, Maria A. Stassinopoulou.
=260  \\$aWien :$bVerlag der Österreichischen Akademie der Wissenschaften,$c2004.
=300  \\$a495 p., [43] p. of plates :$bill. (some col.) ;$c24 cm.
=336  \\$atext$2rdacontent
=337  \\$aunmediated$2rdamedia
=338  \\$avolume$2rdacarrier
=490  1\$aByzantina et Neograeca Vindobonensia ;$vBd. 24
=504  \\$aIncludes bibliographical references.
=651  \0$aByzantine Empire$vCongresses.
=650  \0$aGreek philology$vCongresses.
=610  20$aUniversität Wien.$bInstitut für Byzantinistik und Neogräzistik$vCongresses.
=700  1\$aHunger, Herbert,$d1914-2000.
=700  1\$aHörandner, Wolfram.
=700  1\$aKoder, Johannes.
=700  1\$aStassinopoulou, Maria A.,$d1961-
=830  \0$aByzantina et Neograeca Vindobonensia ;$vBd. 24.
=852  41$aBritish Library$bHMNTS$iX.0421/84(24)
=CAT  \\$a10926$b40$c20041027$lBLL01$h1314
=CAT  \\$a10926$b40$c20041027$lBLL01$h1316
=CAT  \\$a6470$b40$c20041104$lBLL01$h1634
=CAT  \\$aBATCH-UPD$b40$c20090117$lBLL01$h2017
=CAT  \\$aBATCH-UPD$b40$c20090829$lBLL01$h0432
=CAT  \\$aBATCH$b00$c20091217$lBLL01$h0331
=CAT  \\$aBATCH-UPD$b00$c20170106$lBLL01$h2025
=CAT  \\$aBATCH-UPD$b00$c20190321$lBLL01$h0122
=FIN  \\$aY
=SID  \\$aZ39$bOCLC
=LAS  \\$aBATCH-UPD$b00$c20190321$lBLL01$h0122

