=LDR  01548cam a2200421 a 4500
=001  013025606
=003  Uk
=005  20230622164705.0
=007  he\bma|||baca
=008  041029m20049999enk\\\\\\\\\\\001\0\eng\\
=FMT  \\$a  BK
=015  \\$aGBA620670$2bnb
=016  7\$a013025606$2Uk
=040  \\$aUk$beng$cUk
=042  \\$aukblsr
=082  04$a929.34253$222
=245  00$aLincolnshire death duties$h[microform] :$bLincolnshire entries extracted from ledgers in the National Archives at Kew.
=260  \\$a[Spalding] :$bLincolnshire Family History Society,$cc2004-
=300  \\$amicrofiches :$bnegative.
=336  \\$atext$2rdacontent
=337  \\$amicroform$2rdamedia
=338  \\$amicrofiche$2rdacarrier
=500  \\$aIncludes index.
=505  1\$av. 1. Testators series IR.26/535 to IR.26/695 (1812 to 1816) (4 fiches)
=610  20$aNational Archives (Great Britain)$vArchives.
=650  \0$aInheritance and transfer tax$zLincolnshire$xHistory$y19th century$vRegisters.
=651  \0$aLincolnshire (England)$vGenealogy.
=710  2\$aLincolnshire Family History Society.
=710  2\$aNational Archives (Great Britain)
=852  41$aBritish Library$bHMNTS$ivol. 1
=CAT  \\$a8479$b40$c20041029$lBLL01$h1032
=CAT  \\$a11250$b40$c20060207$lBLL01$h1020
=CAT  \\$a11250$b40$c20060207$lBLL01$h1026
=CAT  \\$aWR16_021$c20160610$lBLL01$h2000
=CAT  \\$aBATCH-UPD$b00$c20160610$lBLL01$h2253
=CAT  \\$aW2306-1299$c20230622$lBLL01$h1652
=FIN  \\$aY$d20060207
=LAS  \\$aW2306-1299$b00$c20230622$lBLL01$h1652

