=LDR  00908 am a2200277 a 4500
=001  013027611
=003  Uk
=005  20041102120054.0
=008  041102s1883\\\\be\\\\\\\\\\\\000\f\fre\\
=FMT  \\$a  BK
=040  \\$aUk$beng$cUk
=100  1\$aBonnetain, Paul,$d1858-1899.
=245  10$aCharlot s'amuse...$cPaul Bonnetain avec une préface par Henry Céard.
=250  \\$a3me édition.
=260  \\$aA Bruxelles$bchez Henry Kistemaeckers...$c[1883]
=300  \\$a348p.$c19cm.
=336  \\$atext$2rdacontent
=337  \\$aunmediated$2rdamedia
=338  \\$avolume$2rdacarrier
=504  \\$aIncludes bibliographical references and index.
=852  41$8P.C.31.i.19$aBritish Library$bHMNTS
=985  \\$aCorrected by BSS-generated file for WR# 12/016
=CAT  \\$a4278$b40$c20041102$lBLL01$h1200
=CAT  \\$aBLSS-CORR$b00$c20120215$lBLL01$h1616
=FIN  \\$aY
=LAS  \\$aBLSS-CORR$b00$c20120215$lBLL01$h1616

