=LDR  01268 am a2200325 a 4500
=001  013034308
=003  Uk
=005  20041111164939.0
=008  041110s2004\\\\is\\\\\\\c\\\\000\|\heb\\
=FMT  \\$a  BK
=040  \\$aUk$beng$cUk
=082  04$a011.3109421$220
=110  2\$aBritish Library.
=245  10$aCatalogue of the the Genizah fragments in the British Library / prepared by the Institute of Microfilmed Hebrew Manuscripts, Jewish National and University Library.
=260  \\$a[Jerusalem :$bInstitute of Microfilmed Hebrew Manuscripts,$c2004].
=300  \\$a3 v. ;$c24 X 29 cm.
=336  \\$atext$2rdacontent
=337  \\$aunmediated$2rdamedia
=338  \\$avolume$2rdacarrier
=505  0\$av. 1. Or. 5531-Or. 5561B - v. 2. Or. 5562A-Or. 10578A - v. 3. Or. 10578B-Or. 13956.
=610  20$aBritish Library$vCatalogs.
=650  \0$aManuscripts, Hebrew$zEngland$zLondon$vCatalogs.
=710  2\$aMakhon le-tatslume kitve-ha-yad ha-ʿIvriyim (Jerusalem)
=852  11$aBritish Library$bOC$kORC HEB MSS$h15-17
=CAT  \\$a9268$b40$c20041110$lBLL01$h1156
=CAT  \\$a1722$b40$c20041111$lBLL01$h1630
=CAT  \\$a1722$b40$c20041111$lBLL01$h1649
=CAT  \\$aBATCH-UPD$b40$c20080913$lBLL01$h0934
=FIN  \\$aY
=LAS  \\$aBATCH-UPD$b40$c20080913$lBLL01$h0934

