=LDR  01710 am a22004457a 4500
=001  013035255
=003  Uk
=005  20060329143707.0
=006  m\\\\|\\\d\|\\\\\\
=007  co||||||||||||
=008  041111s2004\\\\xxu||||\s||||\00|\0\spa\\
=FMT  \\$a  BK
=020  \\$a1569540934
=040  \\$aUk$beng$cUk
=100  1\$aRuiz, Juan,$dactive 1343.
=245  10$aTexts and concordances of the Libro de buen amor$h[electronic resource] :$b(Gayoso, Salamanca and Toledo manuscripts) /$cedited by Steven D. Kirby, Eric W. Naylor.
=246  30$aLibro de buen amor :$b(Gayoso, Salamanca and Toledo manuscripts)
=260  \\$aNew York :$bHispanic Seminary of Medieval Studies,$c2004.
=300  \\$a1 CD-ROM ;$c4 3/4 in.
=336  \\$atext$2rdacontent
=337  \\$acomputer$2rdamedia
=338  \\$acomputer disc$2rdacarrier
=490  1\$aSpanish series ;$vno. 132.
=538  \\$aSystem requirements: Adobe Acrobat Reader.
=500  \\$aTitle from disc label.
=500  \\$aAuthor: Juan Ruiz.
=600  10$aRuiz, Juan,$dactive 1343.$tLibro de buen amor$vConcordances.
=650  \0$aManuscripts, Spanish.
=700  1\$aKirby, Steven D.$q(Steven Darrell),$d1945-
=700  1\$aNaylor, Eric W.
=710  2\$aHispanic Seminary of Medieval Studies.
=830  \0$aSpanish series (Hispanic Seminary of Medieval Studies) ;$vno. 132.
=852  41$aBritish Library$bHMNTS$iNumber 132(2004)
=985  \\$aRecord amended for WR# 13/070
=CAT  \\$a11076$b40$c20041111$lBLL01$h1357
=CAT  \\$a8141$b40$c20060329$lBLL01$h1437
=CAT  \\$aWR13_070$b00$c20130504$lBLL01$h0236
=CAT  \\$aBATCH-UPD$b00$c20141014$lBLL01$h1255
=FIN  \\$aY$d20060329
=LAS  \\$aBATCH-UPD$b00$c20141014$lBLL01$h1255

