=LDR  01165cam a22003377a 4500
=001  013040659
=003  Uk
=005  20050306141429.0
=008  041221s2004\\\\sp\\\\\\\b\\\\000\p\spa\d
=FMT  \\$a  BK
=020  \\$a8495289512
=040  \\$aGUA$cGUA$dUk
=100  1\$aOrtega Parra, Joaquín,$d1934-
=245  13$aUn río interminable :$bantología poética /$cJoaquín Ortega Parra.
=260  \\$aFerrol [Spain] :$bSociedad de Cultura Valle-Inclán,$c2004.
=300  \\$a525 p. ;$c21 cm.
=336  \\$atext$2rdacontent
=337  \\$aunmediated$2rdamedia
=338  \\$avolume$2rdacarrier
=490  1\$aColección Esquío de poesía ;$v98
=504  \\$aIncludes bibliographical references (p. 523-525).
=830  \0$aColección Esquío de poesía ;$v98.
=852  41$aBritish Library$bHMNTS$iVolume 98(2004)
=CAT  \\$a11214$b40$c20041117$lBLL01$h1130
=CAT  \\$a7153$b40$c20050306$lBLL01$h1414
=CAT  \\$aBATCH$b00$c20091217$lBLL01$h0333
=CAT  \\$aBATCH-UPD$b00$c20140525$lBLL01$h1415
=CAT  \\$aW2308-1659$c20230923$lBLL01$h0912
=FIN  \\$aY$d20050306
=SID  \\$aZ39$bOCLC
=LAS  \\$aW2308-1659$b00$c20230923$lBLL01$h0912

