=LDR  00619 am a22002175a 4500
=001  013040838
=003  Uk
=005  20151007175000.0
=008  041117s\\\\\\\\\\\\\\\\\\\\\\\0\\\\\\\\\
=FMT  \\$a  BK
=020  \\$a9799836522
=100  \\$aSantosa, Kholid O.
=245  \0$aMemilih Presiden Ri 2004.
=260  \\$aBandung :$bSega Arsy,$c2004.
=336  \\$atext$2rdacontent
=337  \\$aunmediated$2rdamedia
=338  \\$avolume$2rdacarrier
=852  41$aBritish Library$bOC$mYP.2004.a.6707
=CAT  \\$a11522$b40$c20041117$lBLL01$h1236
=CAT  \\$aFIX-001$c20151007$lBLL01$h1750
=LAS  \\$aFIX-001$b00$c20151007$lBLL01$h1750

