=LDR  01758 am a2200457 a 4500
=001  013044914
=003  Uk
=005  20041123152916.0
=008  040618s2004\\\\gw\\\\\\\b\\\\001\0\ger\c
=FMT  \\$a  BK
=010  \\$a2004457976  
=020  \\$a3465030362 (alk. paper)
=035  \\$a(OCoLC)ocm55680880
=040  \\$aOHX$cOHX$dLRU$dDLC$dUk
=042  \\$aUkblsr
=043  \\$ae-it---
=050  00$aPQ4621.D3$bZ78 2004
=082  00$a858/.409$222
=100  1\$aBegenat-Neuschäfer, Anne,$d1953-
=245  10$aLodovico Dolce als dramatischer Autor im Venedig des 16. Jahrhunderts /$cAnne Neuschäfer.
=260  \\$aFrankfurt am Main :$bVittorio Klostermann,$cc2004.
=300  \\$axiii, 543 p. ;$c24 cm.
=336  \\$atext$2rdacontent
=337  \\$aunmediated$2rdamedia
=338  \\$avolume$2rdacarrier
=490  1\$aAnalecta romanica,$x0569-986X ;$vHeft 69
=500  \\$aOriginally presented as the author's Habilitationsschrift--Philipps-Universität Marburg.
=504  \\$aIncludes bibliographical references (p. 519-535) and indexes.
=600  10$aDolce, Lodovico,$d1508-1568$xCriticism and interpretation.
=600  10$aDolce, Lodovico,$d1508-1568$xLanguage.
=650  \0$aItalian drama$y16th century$xHistory and criticism.
=650  \0$aItalian drama$zItaly$zVenice$xHistory and criticism.
=650  \0$aItalian language$zItaly$zVenice$xHistory.
=650  \0$aItalian language$yEarly modern, 1500-1700.
=830  \0$aAnalecta romanica,$x0569-986X ;$vHeft 69
=852  41$aBritish Library$bHMNTS$pPP.5044.ad(2)[Hft. 69]
=CAT  \\$a7153$b40$c20041123$lBLL01$h1529
=CAT  \\$aBATCH$b00$c20091217$lBLL01$h0334
=CAT  \\$aBATCH-UPD$b00$c20110415$lBLL01$h2039
=FIN  \\$aY
=LAS  \\$aBATCH-UPD$b00$c20110415$lBLL01$h2039

