=LDR  01682 am a22004337a 4500
=001  013047203
=003  Uk
=005  20180817133332.0
=008  041124s2004\\\\gw\\\\\\\b\\\\000\0\ger\\
=FMT  \\$a  BK
=020  \\$a3825877205 (pbk.)
=040  \\$aUk$beng$cUk
=100  1\$aMichaelis, Heike,$eauthor.
=245  10$aDarwinismus und literarischer Diskurs in England am Beispiel von George Eliot und Thomas Hardy /$cHeike Michaelis.
=260  \\$aMünster :$bLit,$cc2004.
=300  \\$a273 p. ;$c21 cm.
=336  \\$atext$2rdacontent
=337  \\$aunmediated$2rdamedia
=338  \\$avolume$2rdacarrier
=490  1\$aAnglistik, Amerikanistik ;$vBd. 20
=502  \\$aOriginally presented as the author's doctoral thesis--Universität Marburg, 2003.
=504  \\$aIncludes bibliographical references.
=650  \0$aEnglish fiction$y19th century$xHistory and criticism.
=650  \0$aEvolution (Biology) in literature.
=650  \0$aLiterature and science$zGreat Britain$xHistory$y19th century.
=600  10$aEliot, George,$d1819-1880$xKnowledge$xNatural history.
=600  10$aHardy, Thomas,$d1840-1928$xKnowledge$xNatural history.
=600  10$aDarwin, Charles,$d1809-1882$xInfluence.
=650  \0$aEvolution in literature.
=650  \0$aNature in literature.
=830  \0$aAnglistik, Amerikanistik ;$vBd. 20.
=852  41$aBritish Library$bHMNTS$mZA.9.a.8775(20)
=CAT  \\$a11246$b40$c20041124$lBLL01$h0943
=CAT  \\$a5194$b40$c20050304$lBLL01$h0929
=CAT  \\$aBATCH$b00$c20091217$lBLL01$h0334
=CAT  \\$aBATCH-UPD$b00$c20150208$lBLL01$h2057
=CAT  \\$a8874$b40$c20180817$lBLL01$h1333
=FIN  \\$aY
=LAS  \\$a8874$b40$c20180817$lBLL01$h1333

