=LDR  00787 am a22002295a 4500
=001  013048796
=003  Uk
=005  20190614183700.0
=008  041125s\\\\\\\\\\\\\\\\\\\\\\\0\\\\ger\\
=FMT  \\$a  BK
=020  \\$a3923132956
=245  \0$aUns ist in alten Maren...Das Nibelungenlied und seine Welt.
=260  \\$aDarmstadt :$bPrimus,$c2003.
=336  \\$atext$2rdacontent
=337  \\$aunmediated$2rdamedia
=338  \\$avolume$2rdacarrier
=883  0\$aLanguage codes assigned by Bayesian analysis of words present in record$d20181024$qUk$c0.997
=852  41$aBritish Library$bHMNTS$iNumber 17(2003)
=CAT  \\$a11214$b40$c20041125$lBLL01$h1530
=CAT  \\$aFIX-001$c20151007$lBLL01$h1750
=CAT  \\$aW1903-1550$b00$c20190614$lBLL01$h1837
=LAS  \\$aW1903-1550$b00$c20190614$lBLL01$h1837

