=LDR  01351 am a22003737a 4500
=001  013050435
=003  Uk
=005  20050124171821.0
=008  041129s2004\\\\ne\\\\\\\b\\\\000\0\dut\\
=FMT  \\$a  BK
=020  \\$a9056251716 (pbk.)
=020  \\$z9056251759
=040  \\$aUk$beng$cUk
=245  00$aKrakend recht en verharde moraal :$bmaatschappelijke ontwikkelingen en hun invloed op recht en moraal /$cEdith Brugmans, Martin Buijsen (red.).
=260  \\$aNijmegen :$bValkhof Pers,$cc2004.
=300  \\$a221 p. ;$c21 cm.
=336  \\$atext$2rdacontent
=337  \\$aunmediated$2rdamedia
=338  \\$avolume$2rdacarrier
=490  1\$aAnnalen van het Thijmgenootschap ;$vjaarg. 92, afl. 1
=504  \\$aIncludes bibliographical references.
=650  \0$aLaw and ethics.
=700  1\$aBrugmans, E. H. L.
=700  1\$aBuijsen, M. A. J. M.,$d1963-
=830  \0$aAnnalen van het Thijmgenootschap ;$vjaarg. 92, afl. 1.
=852  41$aBritish Library$bHMNTS$mPP.8002.vs.[Jg.92,AF.1]
=CAT  \\$a12181$b40$c20041129$lBLL01$h1042
=CAT  \\$a12181$b40$c20041129$lBLL01$h1112
=CAT  \\$a12181$b40$c20050110$lBLL01$h1751
=CAT  \\$a6470$b40$c20050124$lBLL01$h1718
=CAT  \\$aBATCH$b00$c20091217$lBLL01$h0335
=CAT  \\$aBATCH-UPD$b00$c20130511$lBLL01$h2032
=FIN  \\$aY$d20050110
=LAS  \\$aBATCH-UPD$b00$c20130511$lBLL01$h2032

