=LDR  00765 am a22002175a 4500
=001  013051428
=003  Uk
=005  20190614183701.0
=008  041130s\\\\\\\\\\\\\\\\\\\\\\\0\\\\ita\\
=FMT  \\$a  BK
=245  \0$aMiracconti unastoria? :$bil metodo narrativo nelle scienze sociali.
=260  \\$aRoma :$bCarocci,$c2004.
=336  \\$atext$2rdacontent
=337  \\$aunmediated$2rdamedia
=338  \\$avolume$2rdacarrier
=883  0\$aLanguage codes assigned by Bayesian analysis of words present in record$d20181024$qUk$c0.997
=852  41$aBritish Library$bHMNTS$iVolume 472(2004)
=CAT  \\$a11214$b40$c20041130$lBLL01$h1040
=CAT  \\$aFIX-001$c20151007$lBLL01$h1750
=CAT  \\$aW1903-1550$b00$c20190614$lBLL01$h1837
=LAS  \\$aW1903-1550$b00$c20190614$lBLL01$h1837

