=LDR  00982 am a2200325 a 4500
=001  013055690
=003  Uk
=005  20110209122202.0
=008  041203s1987\\\\enkac\\\\\\\\\001\0\eng\\
=FMT  \\$a  BK
=015  \\$aGBA488777$2bnb
=040  \\$aUk$beng$cUk
=042  \\$aukblsr
=082  04$a641.5686$222
=100  1\$aDimbleby, Josceline.
=245  14$aThe Josceline Dimbleby Christmas book.
=260  \\$aLondon :$bMartin Books,$c1987.
=300  \\$a144 p. :$bill. (chiefly col.), 1 port. ;$c22 cm.
=336  \\$atext$2rdacontent
=337  \\$aunmediated$2rdamedia
=338  \\$avolume$2rdacarrier
=500  \\$aIncludes index.
=650  \0$aChristmas cooking.
=852  41$aBritish Library$bHMNTS$hYD.2004.a.7061
=CAT  \\$aAGENCY11$b40$c20041203$lBLL01$h1422
=CAT  \\$a5264$b40$c20041214$lBLL01$h1149
=CAT  \\$a5264$b40$c20041216$lBLL01$h1238
=CAT  \\$a11249$b40$c20110209$lBLL01$h1222
=FIN  \\$aY$d20041214
=LAS  \\$a11249$b40$c20110209$lBLL01$h1222

