=LDR  00761 am a22002415a 4500
=001  013061843
=003  Uk
=005  20200417182921.0
=008  041211s\\\\\\\\\\\\\\\\\\\\\\\0\\\\eng\\
=FMT  \\$a  BK
=020  \\$a9027245940
=100  \\$aKoerner, EFK.
=245  \0$aEssays in the history of linguistics.
=260  \\$aAmsterdam :$bJohn Benjamins BV,$c2004.
=336  \\$atext$2rdacontent
=337  \\$aunmediated$2rdamedia
=338  \\$avolume$2rdacarrier
=852  41$aBritish Library$bHMNTS$iVolume 104(2004)
=985  \\$aUpgraded by BSS-generated file for WR1910-0531
=CAT  \\$a11326$b40$c20041211$lBLL01$h1322
=CAT  \\$aFIX-001$c20151007$lBLL01$h1750
=CAT  \\$aW1910-0531$b00$c20200417$lBLL01$h1829
=LAS  \\$aW1910-0531$b00$c20200417$lBLL01$h1829

