=LDR  01725 am a22004457a 4500
=001  013065897
=003  Uk
=005  20050512103411.0
=008  041210s2004\\\\ne\a\\\\\b\\\\100\0\ger\d
=FMT  \\$a  BK
=020  \\$a9042019522 (pbk.)
=040  \\$aOHX$cOHX$dIUL$dUk
=041  0\$ager$aeng$adut
=050  \4$aPT134.E68$bE75 2004
=072  \7$aPT$2lcco
=072  \7$aPA$2lcco
=245  00$aErotik, aus dem Dreck gezogen /$cherausgegeben von Johan H. Winkelman und Gerhard Wolf.
=260  \\$aAmsterdam :$bRodopi,$c2004.
=300  \\$a330, 71 p. :$bill. ;$c23 cm.
=336  \\$atext$2rdacontent
=337  \\$aunmediated$2rdamedia
=338  \\$avolume$2rdacarrier
=490  1\$aAmsterdamer Beiträge zur älteren Germanistik,$x0165-7305 ;$vBd. 59
=546  \\$aText in German, English or Dutch.
=500  \\$aProceedings of a Kolloquium, Sept. 2002, Amsterdam--Vid. Vorwort.
=500  \\$aArticle by Andrea de Leeuw van Weenen (paginated from Amsterdamer Beiträge zur älteren Germanistik, 58), [16] p., appended.
=650  \0$aErotic literature, German$xHistory and criticism$vCongresses.
=650  \0$aPornography$zGermany$vCongresses.
=650  \0$aSex in literature$vCongresses.
=650  \0$aGerman literature$xHistory and criticism$vCongresses.
=700  1\$aWinkelman, Johan H.
=700  1\$aWolf, Gerhard,$d1954-
=830  \0$aAmsterdamer Beiträge zur älteren Germanistik,$x0165-7305 ;$vBd. 59
=852  41$aBritish Library$bHMNTS$iP.981/181[Vol.59]
=CAT  \\$a11076$b40$c20041216$lBLL01$h1319
=CAT  \\$a12181$b40$c20050512$lBLL01$h1034
=CAT  \\$aBATCH$b00$c20091217$lBLL01$h0337
=FIN  \\$aY$d20050512
=SID  \\$aZ39$bOCLC
=LAS  \\$aBATCH$b00$c20091217$lBLL01$h0337

