=LDR  01425 am a22003617a 4500
=001  013066164
=003  Uk
=005  20041217102355.0
=008  041216s2003\\\\no\ac\\\\b\\\\001\0beng\\
=FMT  \\$a  BK
=040  \\$aUk$beng$cUk
=100  10$aHenriksen, Jens H.
=245  10$aStarling, his contemporaries and the Nobel Prize :$bOne hundred years with hormones /$cJens H. Henriksen.
=260  \\$aOslo :$bTaylor & Francis,$c2003.
=300  \\$aiv, 64 p. :$bill., ports. ;$c25 cm.
=336  \\$atext$2rdacontent
=337  \\$aunmediated$2rdamedia
=338  \\$avolume$2rdacarrier
=490  1\$aScandinavian journal of clinical & laboratory investigation$x0085-591X ;$vv. 63, suppl. 238
=504  \\$aIncludes bibliographical references and index.
=600  10$aStarling, Ernest Henry,$d1866-1927.
=650  \0$aPhysiologists$zEngland$vBiography.
=830  \0$aScandinavian journal of clinical & laboratory investigation$x0085-591X ;$vv. 63, suppl. 238.
=852  41$aBritish Library$bHMNTS$iVol.63, Sup. 238
=CAT  \\$a8181$b40$c20041216$lBLL01$h1544
=CAT  \\$a8181$b40$c20041216$lBLL01$h1548
=CAT  \\$a7332$b40$c20041216$lBLL01$h1620
=CAT  \\$a7332$b40$c20041217$lBLL01$h1023
=CAT  \\$aBATCH$b00$c20091217$lBLL01$h0337
=CAT  \\$aBATCH-UPD$b00$c20150223$lBLL01$h2222
=CAT  \\$aBATCH-UPD$b00$c20150927$lBLL01$h2035
=FIN  \\$aY$d20041217
=LAS  \\$aBATCH-UPD$b00$c20150927$lBLL01$h2035

