=LDR  00757 am a22002295a 4500
=001  013071163
=003  Uk
=005  20200417182925.0
=008  041222s\\\\\\\\\\\\\\\\\\\\\\\0\\\\eng\\
=FMT  \\$a  BK
=100  \\$aKessler, Tim
=245  \0$aAssessing the risks in the private provision of essential services.
=260  \\$aGeneva :$bUnited Nations,$c2004.
=336  \\$atext$2rdacontent
=337  \\$aunmediated$2rdamedia
=338  \\$avolume$2rdacarrier
=852  41$aBritish Library$bHMNTS$ioct-2004 NUMB 31
=985  \\$aUpgraded by BSS-generated file for WR1910-0531
=CAT  \\$a11326$b40$c20041222$lBLL01$h1555
=CAT  \\$aFIX-001$c20151007$lBLL01$h1750
=CAT  \\$aW1910-0531$b00$c20200417$lBLL01$h1829
=LAS  \\$aW1910-0531$b00$c20200417$lBLL01$h1829

