=LDR  00884 am a22002415a 4500
=001  013071316
=003  Uk
=005  20201017092513.0
=008  041223s\\\\\\\\\\\\\\\\\\\\\\\0\\\\ger\\
=FMT  \\$a  BK
=020  \\$a3402005417
=245  \0$aDie domkapitel des deutschen ordens in preussen und livland :$bherausgegeben von radoslaw biskup und Mario Glauert.
=260  \\$c2004.
=336  \\$atext$2rdacontent
=337  \\$aunmediated$2rdamedia
=338  \\$avolume$2rdacarrier
=883  0\$aLanguage codes assigned by Bayesian analysis of words present in record$d20200826$qUk$c0.9919
=852  41$aBritish Library$bHMNTS$iNumber 17(2004)
=985  \\$aUpgraded by BSS-generated file for WR2009-0365
=CAT  \\$a8496$b40$c20041223$lBLL01$h0919
=CAT  \\$aFIX-001$c20151007$lBLL01$h1750
=CAT  \\$aW2009-0365$b00$c20201017$lBLL01$h0925
=LAS  \\$aW2009-0365$b00$c20201017$lBLL01$h0925

