=LDR  02043cam a2200505 a 4500
=001  013081638
=003  Uk
=005  20050726142239.0
=008  041109s2004\\\\fr\a\\\\\b\\\\100\0\fre\d
=FMT  \\$a  BK
=020  \\$a2900791650 (pbk.)
=040  \\$aTZT$cTZT$dUk
=041  0\$afre$beng
=042  \\$aukblsr
=072  \7$aD$2lcco
=082  14$a940$21
=245  00$aArchives et nations dans l'Europe du XIXe siècle :$bactes du colloque organisé par l'École nationale des chartes, Paris, 27-28 avril 2001 avec le soutien des Archives nationales /$créunis par Bruno Delmas et Christine Nougaret ; préfacés par Yves-Marie Bercé.
=260  \\$aParis :$bEcole des chartes,$c2004.
=300  \\$a262 p. :$bill. ;$c24 cm.
=336  \\$atext$2rdacontent
=337  \\$aunmediated$2rdamedia
=338  \\$avolume$2rdacarrier
=490  1\$aEtudes et rencontres de l'Ecole des chartes ;$v16
=500  \\$a"Publiés avec le concours de la Société de l'École des chartes."
=546  \\$aIncludes summaries in English.
=504  \\$aIncludes bibliographical references.
=650  \0$aArchives$zEurope$xHistory$y19th century$vCongresses.
=651  \0$aEurope$xArchival resources$xHistory$y19th century$vCongresses.
=653  \\$aArchives in Europe$a19th century
=700  1\$aDelmas, Bruno.
=700  1\$aChapalain-Nougaret, Christine.
=710  2\$aArchives nationales (France)
=710  2\$aSociété de l'École des chartes (France)
=710  2\$aÉcole nationale des chartes (France)
=830  \0$aÉtudes et rencontres de l'École des chartes ;$v16.
=852  41$aBritish Library$bHMNTS$iVolume 16(2004)
=CAT  \\$a10926$b40$c20050113$lBLL01$h1008
=CAT  \\$a11312$b40$c20050726$lBLL01$h1422
=CAT  \\$aBATCH$b00$c20091217$lBLL01$h0339
=CAT  \\$aBATCH-UPD$b00$c20141221$lBLL01$h1207
=CAT  \\$aBATCH-UPD$b00$c20230826$lBLL01$h1724
=CAT  \\$aBATCH-UPD$b00$c20230826$lBLL01$h1823
=FIN  \\$aY$d20050726
=SID  \\$aZ39$bOCLC
=LAS  \\$aBATCH-UPD$b00$c20230826$lBLL01$h1823

