=LDR  02059ccm a2200493 i 4500
=001  013088234
=003  Uk
=005  20230223160713.0
=008  050120s1801\\\\enksgl\|\||||||n\\\\eng\\
=FMT  \\$a  MU
=040  \\$aUk$beng$cUk$erda
=042  \\$aukblsr
=082  14$a783.242$215
=100  1\$aSanderson, James,$d1769-1841?,$ecomposer.
=245  10$aBound prentice to a waterman :$bthe much admired sea song, as sung by Mr. Wallack, with universal applause, in the new grand spectacle called Sir Francis Drake & Iron Arm, at the New Royal Circus /$cwritten by Mr. Cross & the music composed by J. Sanderson.
=246  3\$iFirst line begins:$aBound prentice to a waterman I learn'd a bit to row
=264  \1$aLondon, 26 Cheapside :$bJohn Longman, Clementi & Co.,$c[1801?]
=300  \\$a1 score (3 pages) ;$c33 cm
=336  \\$anotated music$2rdacontent
=337  \\$aunmediated$2rdamedia
=338  \\$avolume$2rdacarrier
=348  \\$ascore$2rdafnm
=348  \\$astaff notation$2rdafmn
=382  01$asinger$n1$apiano$n1$s2$2lcmpt
=500  \\$aFor voice and piano; music on two staves. Followed by a version for German flute.
=500  \\$aNot in RISM.
=655  \7$aDramatic music.$2fast$0(OCoLC)fst01920114
=655  \7$aSongs.$2fast$0(OCoLC)fst01726744
=700  02$aC.
=700  1\$aCross, J. C.$q(James Cartwright),$d-1809.$tSir Francis Drake, and Iron-Arm.
=852  41$aBritish Library$bMUSIC$qNot yet available
=985  \\$aUpdated by MS generated file for WR2302-017
=CAT  \\$a7988$b40$c20050120$lBLL01$h1435
=CAT  \\$aBATCH-UPD$b40$c20121114$lBLL01$h1700
=CAT  \\$aWR15_100$c20150913$lBLL01$h1615
=CAT  \\$a11814$b40$c20190515$lBLL01$h1551
=CAT  \\$a12274$b40$c20220803$lBLL01$h1658
=CAT  \\$a12274$b40$c20220803$lBLL01$h1659
=CAT  \\$a12274$b40$c20220803$lBLL01$h1700
=CAT  \\$a12274$b40$c20220803$lBLL01$h1701
=CAT  \\$a12274$b40$c20220803$lBLL01$h1808
=CAT  \\$aW2302-0174$c20230223$lBLL01$h1952
=FIN  \\$aY$d20220803
=LAS  \\$aW2302-0174$b00$c20230223$lBLL01$h1952

