=LDR  00806cam a22002537a 4500
=001  013101036
=003  Uk
=005  20050202111830.0
=008  050124s2004\\\\xxu\\\\\\\\\\\000\0\eng\\
=FMT  \\$a  BK
=040  \\$aUk$beng$cUk
=245  00$aDistributed satellite constellations offer advantages over monolithic systems.
=260  \\$aSanta Monica, Calif. :$bRAND,$cc2004
=300  \\$a1 p. ;$c28 cm.
=336  \\$atext$2rdacontent
=337  \\$aunmediated$2rdamedia
=338  \\$avolume$2rdacarrier
=490  1\$aResearch brief / Rand Project Air Force
=710  2\$aProject Air Force (U.S.)
=830  \0$aResearch brief / Project Air Force (U.S.)
=852  41$aBritish Library$bDSC$mm04/.39964
=CAT  \\$a9666$b40$c20050202$lBLL01$h1118
=FIN  \\$aY$d20050202
=LAS  \\$a9666$b40$c20050202$lBLL01$h1118

