=LDR  01778 am a2200469 a 4500
=001  013113505
=003  Uk
=005  20160426131106.0
=008  050216s2004\\\\gw\\\\\\\b\\\\101\0\eng\\
=FMT  \\$a  BK
=015  \\$aGBA517068$2bnb
=020  \\$cNo price (pbk.)
=040  \\$aUk$beng$cUk
=042  \\$aukblsr
=082  04$a333.95416$222
=111  2\$aInternational Symposium on Physiology, Behaviour, and Conservation of Wildlife$n(5th :$d2004 :$cBerlin, Germany)
=245  10$aContributions to the 5th International Symposium on Physiology, Behaviour and Conservation of Wildlife, Berlin, Germany, 26-29 September 2004 /$cedited by Christian Voigt, Heribert Hofer.
=260  \\$aBerlin ;$aOxford :$bBlackwell Verlag.,$c2004.
=300  \\$a170 p. ;$c25 cm.
=336  \\$atext$2rdacontent
=337  \\$aunmediated$2rdamedia
=338  \\$avolume$2rdacarrier
=490  1\$aAdvances in ethology ; no. 38
=504  \\$aIncludes bibliographical references and index.
=650  \0$aVeterinary physiology$vCongresses.
=650  \0$aAnimal behavior$vCongresses.
=650  \0$aWildlife$xPhysiology$vCongresses.
=650  \0$aWildlife$xBehavior$vCongresses.
=700  1\$aVoigt, Christian C.
=700  1\$aHofer, Heribert.
=830  \0$aAdvances in ethology ;$nno. 38
=852  71$aBritish Library$bSTI$iIssue 38(2004)
=CAT  \\$a5859$b40$c20050216$lBLL01$h1108
=CAT  \\$a12179$b40$c20050223$lBLL01$h1538
=CAT  \\$a12179$b40$c20050223$lBLL01$h1540
=CAT  \\$a7000$b40$c20050224$lBLL01$h1058
=CAT  \\$a7416$b40$c20050224$lBLL01$h1421
=CAT  \\$a7416$b40$c20050228$lBLL01$h1122
=CAT  \\$aBATCH$b00$c20091217$lBLL01$h0343
=CAT  \\$a8962$b40$c20160426$lBLL01$h1311
=FIN  \\$aY$d20050224
=LAS  \\$a8962$b40$c20160426$lBLL01$h1311

