=LDR  01333 am a22003857a 4500
=001  013116555
=003  Uk
=005  20120404130648.0
=008  050221s2004\\\\enka\\\\\b\\\\000\0\eng\\
=FMT  \\$a  BK
=040  \\$aUk$beng$cUk
=082  04$a615.19$222
=100  1\$aScorer, Ted.
=245  10$aWeighing in the pharmaceutical industry /$cTed Scorer, Michel Perkin, Mike Buckley.
=260  \\$aTeddington :$bNational Physical Laboratory,$c2004.
=300  \\$a49 p. :$bill. ;$c30 cm.
=336  \\$atext$2rdacontent
=337  \\$aunmediated$2rdamedia
=338  \\$avolume$2rdacarrier
=490  1\$aMeasurement good practice guide,$x1368-6550 ;$vno. 70
=504  \\$aIncludes bibliographical references.
=700  1\$aBuckley, Mike,$d-2005.
=700  1\$aPerkin, M. P.
=710  2\$aNational Physical Laboratory (Great Britain)
=830  \0$aMeasurement good practice guide,$vno. 70$x1368-6550 ;
=852  41$aBritish Library$bDSC$iIssue 70(2004:Jun.)
=985  \\$aRecord amended for WR# 13/070
=BGT  \\$at
=CAT  \\$a5883$b40$c20050221$lBLL01$h1225
=CAT  \\$a8964$b40$c20080530$lBLL01$h1525
=CAT  \\$aBATCH$b00$c20091217$lBLL01$h0343
=CAT  \\$a10743$b40$c20120404$lBLL01$h1306
=CAT  \\$aWR13_070$b00$c20130504$lBLL01$h0237
=FIN  \\$aY$d20050221
=LAS  \\$aWR13_070$b00$c20130504$lBLL01$h0237

