=LDR  01152 as a22003257a 4500
=001  013122937
=003  Uk
=005  20061018132341.0
=008  050301d2004200uenkuu\p\\\\\\\0\\\a0eng\\
=FMT  \\$a  SE
=040  \\$aUk$beng$cUk$dUk
=245  00$aTomorrow's technology today :$ba newsletter for air conditioning installers, distributors and customers /$cToshiba.
=260  \\$aLeatherhead :$bToshiba,$c2004-
=300  \\$a[?] v. :$bcol. ill., col. ports. ;$c30 cm.
=336  \\$atext$2rdacontent
=337  \\$aunmediated$2rdamedia
=338  \\$avolume$2rdacarrier
=362  0\$aIssue 1 (2004)-
=500  \\$aCeased in 2005?
=610  20$aToshiba Air Conditioning$vPeriodicals.
=710  2\$aToshiba Air Conditioning.
=785  00$aToshiba Carrier UK Limited.$tToshiba initiatives
=852  11$aBritish Library$bSTI$cBIPC$kBIPC Trade Literature Collection$32004:Issue 1
=985  \\$a710/610 new, do not add 042
=CAT  \\$a6537$b40$c20050301$lBLL01$h0857
=CAT  \\$a6537$b40$c20050304$lBLL01$h1349
=CAT  \\$a8323$b40$c20061018$lBLL01$h1323
=FIN  \\$aY$d20050304
=TCO  \\$aCLA$bCLA$c008
=LAS  \\$a8323$b40$c20061018$lBLL01$h1323

