=LDR  02228cam a2200553 a 4500
=001  013136571
=003  Uk
=005  20051018121952.0
=008  050222m20039999be\ab\\\\b\\\\000\0\eng\\
=FMT  \\$a  BK
=015  \\$aGBA523917$2bnb
=016  7\$a013136571$2Uk
=020  \\$a9042913908 (v. 1) :$c£79.00
=020  \\$a9042913894 (v. 5) :$cNo price
=020  \\$a9042911557 (v. 6) :$c£64.95
=040  \\$aStDuBDS$dUk
=041  0\$aeng$btur
=042  \\$aukblsr
=082  04$a939.2$222
=100  1\$aSagona, A. G.
=245  10$aArchaeology at the North-East Anatolian frontier /$cAntonio Sagona and Claudia Sagona ; with contributions by Jennifer C. Newton, Elizabeth Pemberton, Ian McPhee.
=260  \\$aLeuven :$bPeeters ;$aHadleigh :$bBRAD [distributor],$c2003-
=300  \\$av. :$bill., maps ;$c31 cm.
=336  \\$atext$2rdacontent
=337  \\$aunmediated$2rdamedia
=338  \\$avolume$2rdacarrier
=490  1\$aAncient Near Eastern studies. Supplement ;$v11, 13, 14
=546  \\$aText in English with Turkish summary.
=504  \\$aIncludes bibliographical references.
=505  1\$av. 1. An historical geography and a field survey of the Bayburt Province -- v. 5. Iron technology and ironmaking communities of the first millennium BC / Matasha McConchie -- v. 6. An ethnoarchaeological study of Sos Höyük and Yiǵittaşi Village / Liza Hopkins
=500  \\$aFormerly CIP.$5Uk
=651  \0$aTurkey, Eastern$xAntiquities.
=650  \0$aExcavations (Archaeology)$zTurkey, Eastern.
=700  1\$aSagona, Claudia,$d1956-
=830  \0$aAncient Near Eastern studies.$pSupplement ;$v11, 13, 14.
=852  41$aBritish Library$bDSC$ivol. 1
=CAT  \\$aBATCH$b00$c20050315$lBLL01$h1706
=CAT  \\$c20050315$lBLL01$h1708
=CAT  \\$c20050315$lBLL01$h1717
=CAT  \\$a11164$b40$c20051018$lBLL01$h1219
=CAT  \\$aBATCH$b00$c20091217$lBLL01$h0345
=CAT  \\$aBATCH-UPD$b00$c20120830$lBLL01$h2055
=CAT  \\$aWR16_021$c20160611$lBLL01$h1949
=CAT  \\$aW2308-1659$c20230923$lBLL01$h0918
=FIN  \\$aY$d20051018
=LEO  \\$aMP5.0000481607
=SRC  \\$aLDS01$bbiblm.200404.2.aa
=SRC  \\$aBNB03$bbibmp5.200404.2.aa
=LAS  \\$aW2308-1659$b00$c20230923$lBLL01$h0918

