=LDR  01405 as a22003857a 4500
=001  013172514
=003  Uk
=005  20070425134453.0
=008  050408d20052006stkbr\p\\\\\\\0\\\a0eng\\
=FMT  \\$a  SE
=040  \\$aUk$beng$cUk$dUk
=082  04$a333.7909411$222
=245  00$aSsemail :$bnews for the Scottish and Southern Energy Group.
=260  \\$a[Perth] :$bScottish and Southern Energy,$c2005-2006
=300  \\$a12 v. :$bcol. ill., col. ports. ;$c43 cm.
=310  \\$aBimonthly
=336  \\$atext$2rdacontent
=337  \\$aunmediated$2rdamedia
=338  \\$avolume$2rdacarrier
=362  0\$aIssue 1 (Feb. 2005)-issue 12 (Jan. 2006/Dec. 2007).
=610  22$aScottish and Southern Energy$vPeriodicals.
=710  2\$aScottish and Southern Energy.
=785  00$tSSEnews
=852  11$aBritish Library$bSTI$cBIPC$kBIPC Trade Literature Collection$3Issue 1(2005) February -Issue 12(December 2006/January 2007)
=CAT  \\$a11315$b40$c20050408$lBLL01$h0902
=CAT  \\$a11315$b40$c20050727$lBLL01$h1151
=CAT  \\$a11313$b40$c20060428$lBLL01$h0815
=CAT  \\$a11313$b40$c20060428$lBLL01$h0824
=CAT  \\$a5100$b40$c20060503$lBLL01$h1057
=CAT  \\$aUE-01$b00$c20060503$lBLL01$h1058
=CAT  \\$a11187$b40$c20070425$lBLL01$h1344
=CAT  \\$aBATCH-UPD$b40$c20160114$lBLL01$h1339
=FIN  \\$aY$d20050727
=TCO  \\$aCLA$bCLA$c008
=LAS  \\$aBATCH-UPD$b40$c20160114$lBLL01$h1339

