=LDR  01003 as a22003017a 4500
=001  013173059
=003  Uk
=005  20050408170445.0
=008  050408c199u9999enkar\p\\\\\\\0\\\a0eng\\
=FMT  \\$a  SE
=040  \\$aUk$beng$cUk
=110  2\$aAlfred McAlpine (Firm : 1985-2008)
=240  10$aBusiness review (Alfred McAlpine (Firm))
=245  10$aBusiness review ... /$cAlfred McAlpine plc.
=260  \\$aLondon :$bAlfred McAlpine plc.
=300  \\$av. :$bcol. ill., col. ports. ;$c30 cm.
=310  \\$aAnnual
=336  \\$atext$2rdacontent
=337  \\$aunmediated$2rdamedia
=338  \\$avolume$2rdacarrier
=500  \\$aDescription based on: 2003 isssue.
=610  20$aAlfred McAlpine (Firm : 1985-2008)$vPeriodicals.
=852  11$aBritish Library$bSTI$cBIPC$kBIPC Trade Literature Collection$32003
=CAT  \\$a3072$b40$c20050408$lBLL01$h1704
=CAT  \\$aBATCH-UPD$b40$c20160628$lBLL01$h1052
=FIN  \\$aY$d20050408
=TCO  \\$aCLA$bCLA$c008
=LAS  \\$aBATCH-UPD$b40$c20160628$lBLL01$h1052

