=LDR  00837 am a22002415a 4500
=001  013173363
=003  Uk
=005  20201127180724.0
=008  050411s\\\\\\\\\\\\\\\\\\\\\\\0\\\\eng\\
=FMT  \\$a  BK
=020  \\$a3540253378
=245  \0$aEvolutionary computation in combinatorial optimization.
=260  \\$aBerlin :$bSpringer.
=336  \\$atext$2rdacontent
=337  \\$aunmediated$2rdamedia
=338  \\$avolume$2rdacarrier
=883  0\$aLanguage codes assigned by Bayesian analysis of words present in record$d20201028$qUk$c0.9010
=852  71$aBritish Library$bSTI$iIssue 3448(2005)
=985  \\$aUpgraded by BSS-generated file for WR2011-1472
=CAT  \\$a5859$b40$c20050411$lBLL01$h1202
=CAT  \\$aFIX-001$c20151007$lBLL01$h1751
=CAT  \\$aW2011-1472$b00$c20201127$lBLL01$h1807
=LAS  \\$aW2011-1472$b00$c20201127$lBLL01$h1807

