=LDR  02444cam a2200589 a 4500
=001  013173772
=003  Uk
=005  20221231210745.0
=008  050412s2005\\\\gw\\\\\\\b\\\\001\0\eng\\
=FMT  \\$a  BK
=020  \\$a3927510882 (pbk.)
=040  \\$aUk$beng$cUk
=100  1\$aBerndt, Katrin.
=245  10$aFemale identity in contemporary Zimbabwean fiction /$cKatrin Berndt.
=260  \\$aBayreuth, :$bPia Thielman & Eckhard Breitinger,$c2005.
=300  \\$a285 p. ;$c21 cm.
=336  \\$atext$2rdacontent
=337  \\$aunmediated$2rdamedia
=338  \\$avolume$2rdacarrier
=490  1\$aBayreuth African studies,$x0178-0034 ;$v73
=504  \\$aIncludes bibliographical references and index.
=540  \\$aCurrent Copyright Fee: GBP25.00$c0$5Uk
=830  \0$aBayreuth African studies series ;$v73.
=852  41$aBritish Library$bDSC$i1871.242550
=CAT  \\$a8197$b40$c20050412$lBLL01$h0851
=CAT  \\$a5264$b40$c20050420$lBLL01$h0914
=CAT  \\$aBATCH-CLA$b00$c20120928$lBLL01$h1833
=CAT  \\$aBATCH-CLA$b00$c20120930$lBLL01$h1040
=CAT  \\$aBATCH-CLA$b00$c20130508$lBLL01$h0726
=CAT  \\$aBATCH-CLA$c20131220$lBLL01$h2032
=CAT  \\$aIPL-CLA$c20131231$lBLL01$h2349
=CAT  \\$aBATCH-CLA$b00$c20161222$lBLL01$h1805
=CAT  \\$aIPL-CLA$c20161230$lBLL01$h2138
=CAT  \\$aBATCH-CLA$b00$c20171222$lBLL01$h2127
=CAT  \\$aIPL-CLA$c20171231$lBLL01$h1641
=CAT  \\$aBATCH-CLA$b00$c20191219$lBLL01$h1733
=CAT  \\$aIPL-CLA$c20191231$lBLL01$h1932
=CAT  \\$aR2001-1524$c20200127$lBLL01$h2010
=CAT  \\$aBATCH-CLA$b00$c20201204$lBLL01$h1534
=CAT  \\$aIPL-CLA$c20201231$lBLL01$h2159
=CAT  \\$aBATCH-CLA$b00$c20221221$lBLL01$h1843
=CAT  \\$aIPL-CLA$c20221231$lBLL01$h2107
=CFI  0\$aCurrent Copyright Fee: GBP25.00$c0$e01-jan-2023$fGBP25.00$g0$hA$5Uk
=CFI  2\$aPrevious Copyright Fee: GBP22.50$c0$e01-jan-2021$fGBP22.50$g0$hA$5Uk
=FIN  \\$aY$d20050420
=TCO  \\$aDEU$bVG WORT$c008
=ACF  \\$aPrevious copyright fee: GBP12.00$c0$e01-jan-2012$fGBP12.00$g0$hA$5Uk
=ACF  \\$aPrevious Copyright Fee: GBP12.30$c0$e01-jan-2014$fGBP12.30$g0$hA$5Uk
=ACF  \\$aPrevious Copyright Fee: GBP15.00$c0$e01-jan-2017$fGBP15.00$g0$hA$5Uk
=ACF  \\$aPrevious Copyright Fee: GBP17.50$c0$e01-jan-2018$fGBP17.50$g0$hA$5Uk
=ACF  \\$aPrevious Copyright Fee: GBP20.00$c0$e01-jan-2020$fGBP20.00$g0$hA$5Uk
=LAS  \\$aIPL-CLA$b00$c20221231$lBLL01$h2107

