=LDR  01215 as a22003617a 4500
=001  013175714
=003  Uk
=005  20050623082640.0
=008  050413d200u200uenkuu\p\\\\\\\0\\\a0eng\\
=FMT  \\$a  SE
=040  \\$aUk$beng$cUk$dUk
=110  2\$aJarvis (Firm)
=245  10$aJarvis people :$bthe magazine for Jarvis employees and associates.
=246  0\$aPeople
=260  \\$aLondon :$bTrident Communications, for Jarvis.
=300  \\$av. :$bcol. ill., col. ports. ;$c31 cm.
=336  \\$atext$2rdacontent
=337  \\$aunmediated$2rdamedia
=338  \\$avolume$2rdacarrier
=500  \\$aBegan in 2003?
=500  \\$aDescription based on: Issue 2 (spring 04)
=500  \\$aCeased in [2004]
=610  20$aJarvis (Firm)$vPeriodicals.
=852  11$aBritish Library$bSTI$cBIPC$kBIPC Trade Literature Collection$3Issue 2, Spring 2004
=CAT  \\$a8323$b40$c20050413$lBLL01$h0826
=CAT  \\$a8323$b40$c20050413$lBLL01$h0830
=CAT  \\$a5194$b40$c20050520$lBLL01$h0901
=CAT  \\$a8464$b40$c20050623$lBLL01$h0815
=CAT  \\$a8464$b40$c20050623$lBLL01$h0816
=CAT  \\$a8464$b40$c20050623$lBLL01$h0826
=FIN  \\$aY$d20050413
=TCO  \\$aCLA$bCLA$c008
=LAS  \\$a8464$b40$c20050623$lBLL01$h0826

