=LDR  01248 am a22003737a 4500
=001  013178759
=003  Uk
=005  20050722145119.0
=008  050419s1997\\\\xxua\\\\\b\\\\000\0\eng\\
=FMT  \\$a  BK
=040  \\$aUk$beng$cUk
=111  2\$aPDA International Congress$d(1997 :$cOsaka, Japan)
=245  10$aGlobal pharmaceutical manufacturing in the 21st century.
=246  18$aProceedings of the PDA international congress
=260  \\$a[Bethesda, Md. :$bPDA,$c1997].
=300  \\$aix, 506 p. :$bill. ;$c28 cm.
=336  \\$atext$2rdacontent
=337  \\$aunmediated$2rdamedia
=338  \\$avolume$2rdacarrier
=500  \\$a"Osaka '97"--t.p.
=504  \\$aIncludes bibliographical references.
=650  \0$aDrugs.
=650  \0$aPharmaceutical industry.
=650  \0$aPharmaceutical industry$xTechnological innovations.
=710  2\$aParenteral Drug Association.
=710  2\$aNihon PDA.
=852  71$aBritish Library$bSTI$2blsrissc
=CAT  \\$a10958$b40$c20050419$lBLL01$h1037
=CAT  \\$a6506$b40$c20050718$lBLL01$h1601
=CAT  \\$a6506$b40$c20050718$lBLL01$h1607
=CAT  \\$a7416$b40$c20050721$lBLL01$h1115
=CAT  \\$a7416$b40$c20050722$lBLL01$h1451
=FIN  \\$aY$d20050718
=LAS  \\$a7416$b40$c20050722$lBLL01$h1451

