=LDR  01659 as a2200457 a 4500
=001  013188563
=003  Uk
=005  20070209143355.0
=007  ta
=008  050429d200u2005enkar\p\\\\\\\0\\\a0eng\\
=FMT  \\$a  SE
=015  \\$aGBA607064$2bnb
=040  \\$aUk$beng$cUk$dUk
=042  \\$aukblsr
=082  04$a338.43628109424$222
=110  2\$aSevern Trent Water (Firm).$bFinance and Regulation Department.
=245  10$aScheme of charges ... :$bcustomer information ...
=246  30$aCustomer information
=260  \\$aBirmingham :$bSevern Trent Water, Finance and Regulation Dept.,$c[2005].
=300  \\$av. :$bmaps ;$c30 cm.
=310  \\$aAnnual
=336  \\$atext$2rdacontent
=337  \\$aunmediated$2rdamedia
=338  \\$avolume$2rdacarrier
=500  \\$aDescription based on: 2004 issue.
=610  20$aSevern Trent Water (Firm)$vPeriodicals.
=650  \0$aSewerage$xRates$zEngland$zMidlands$vPeriodicals.
=650  \0$aWater-supply$xRates$zEngland$zMidlands$vPeriodicals.
=785  00$aSevern Trent Water (Firm).$sScheme of charges (Online)
=852  11$aBritish Library$bSTI$cBIPC$kBIPC Trade Literature Collection$3Year 2004-2005***Current issue
=985  \\$aRecord amended for WR# 13/070
=CAT  \\$a11187$b40$c20050429$lBLL01$h1553
=CAT  \\$a11187$b40$c20051121$lBLL01$h1212
=CAT  \\$a11439$b40$c20051215$lBLL01$h0944
=CAT  \\$a11439$b40$c20051215$lBLL01$h0946
=CAT  \\$a9572$b40$c20060118$lBLL01$h1720
=CAT  \\$a3072$b40$c20070209$lBLL01$h1433
=CAT  \\$aWR13_070$b00$c20130504$lBLL01$h0239
=FIN  \\$aY$d20051121
=TCO  \\$aCLA$bCLA$c008
=LAS  \\$aWR13_070$b00$c20130504$lBLL01$h0239

