=LDR  01811aam a2200517 a 4500
=001  013194711
=003  Uk
=005  20080204142726.0
=008  050701s2006\\\\nyua\\\\\b\\\\001\0\eng\\
=FMT  \\$a  BK
=010  \\$a  2005051140
=015  \\$aGBA539643$2bnb
=016  7\$a013194711$2Uk
=020  \\$a0071455388 (hbk.) :$cNo price
=040  \\$aStDuBDS$beng$cStDuBDS$dUk
=042  \\$aukblsr
=050  00$aTK7875$b.L62 2006
=082  04$a621.381$222
=100  1\$aLobontiu, Nicolae.
=245  10$aMechanical design of microresonators :$bmodeling and applications /$cNicolae Lobontiu.
=260  \\$aNew York ;$aLondon :$bMcGraw-Hill ;$cc2006.
=300  \\$axiii, 342 p. :$bill. ;$c23 cm.
=336  \\$atext$2rdacontent
=337  \\$aunmediated$2rdamedia
=338  \\$avolume$2rdacarrier
=490  1\$aMcGraw-Hill nanoscience and technology series
=504  \\$aIncludes bibliographical references and index.
=500  \\$aFormerly CIP.$5Uk
=650  \0$aMicroelectromechanical systems$xDesign and construction.
=650  \0$aElectric resonators$xDesign and construction.
=650  \0$aVibrators$xDesign and construction.
=650  \0$aDetectors$xDesign and construction.
=830  \0$aMcGraw-Hill nanoscience and technology series.
=852  11$aBritish Library$bSTI$k621.381
=985  \\$aDQ manual upgrade 20080204
=BUF  \\$aR$d20070314
=CAT  \\$aBATCH$b00$c20050510$lBLL01$h1700
=CAT  \\$c20050510$lBLL01$h1702
=CAT  \\$c20050510$lBLL01$h1717
=CAT  \\$a12493$b40$c20070314$lBLL01$h1040
=CAT  \\$a11251$b40$c20080204$lBLL01$h1427
=CAT  \\$aBATCH$b00$c20091217$lBLL01$h0351
=CAT  \\$aWR16_021$c20160611$lBLL01$h1957
=CAT  \\$aBATCH-UPD$b00$c20160611$lBLL01$h2232
=FIN  \\$aY$d20070314
=LAS  \\$aBATCH-UPD$b00$c20160611$lBLL01$h2232

