=LDR  01486 am a22003857a 4500
=001  013201655
=003  Uk
=005  20050803150951.0
=008  050518s2005\\\\nr\\\\\\\b\\\\000\0\eng\\
=FMT  \\$a  BK
=020  \\$a9781813679 (pbk.)
=040  \\$aUk$beng$cUk
=245  00$aStrategic options for reforms in small and medium industries in Nigeria /$cBusiness and Technology Development Department.
=260  \\$aIbadan :$bNigerian Institute of Social and Economic Research,$c2005.
=300  \\$a25 p. ;$c22 cm.
=336  \\$atext$2rdacontent
=337  \\$aunmediated$2rdamedia
=338  \\$avolume$2rdacarrier
=490  1\$aNISER occasional paper ;$v2005, no. 4
=504  \\$aIncludes bibliographical references.
=650  \0$aSmall business$zNigeria.
=651  \0$aNigeria$xEconomic conditions$y1970-
=710  2\$aNigerian Institute of Social and Economic Research.$bBusiness and Technology Development Department.
=830  \0$aNISER occasional paper ;$v2005, no. 4
=852  41$aBritish Library$bHMNTS$iNumber 4 (2005)
=985  \\$aRecord amended for WR# 13/070
=CAT  \\$a11076$b40$c20050518$lBLL01$h1520
=CAT  \\$a11076$b40$c20050518$lBLL01$h1525
=CAT  \\$a11076$b40$c20050518$lBLL01$h1556
=CAT  \\$a8980$b40$c20050803$lBLL01$h1245
=CAT  \\$a8964$b40$c20050803$lBLL01$h1509
=CAT  \\$aBATCH$b00$c20091217$lBLL01$h0351
=CAT  \\$aWR13_070$b00$c20130504$lBLL01$h0239
=FIN  \\$aY$d20050803
=LAS  \\$aWR13_070$b00$c20130504$lBLL01$h0239

