=LDR  01444 am a22003857a 4500
=001  013201700
=003  Uk
=005  20050803151510.0
=008  050518s2005\\\\nr\\\\\\\b\\\\000\0\eng\\
=FMT  \\$a  BK
=020  \\$a9781813660 (pbk.)
=040  \\$aUk$beng$cUk
=245  00$aCultism in Nigerian educational institutions /$cHuman Resources Development Department.
=260  \\$aIbadan :$bNigerian Institute of Social and Economic Research,$c2005.
=300  \\$a25 p. ;$c22 cm.
=336  \\$atext$2rdacontent
=337  \\$aunmediated$2rdamedia
=338  \\$avolume$2rdacarrier
=490  1\$aNISER occasional paper ;$v2005, no. 5
=504  \\$aIncludes bibliographical references.
=650  \0$aCollege students$zNigeria$xReligious life.
=650  \0$aCults$zNigeria
=650  \0$aUniversities and colleges$zNigeria$xAdministration.
=651  \0$aNigeria$xReligion
=710  2\$aNigerian Institute of Social and Economic Research.$bHuman Resources Development Department.
=830  \0$aNISER occasional paper ;$v2005, no. 5
=852  41$aBritish Library$bHMNTS$iNumber 5 (2005)
=985  \\$aRecord amended for WR# 13/070
=CAT  \\$a11076$b40$c20050518$lBLL01$h1543
=CAT  \\$a8980$b40$c20050803$lBLL01$h1310
=CAT  \\$a8964$b40$c20050803$lBLL01$h1515
=CAT  \\$aBATCH$b00$c20091217$lBLL01$h0351
=CAT  \\$aWR13_070$b00$c20130504$lBLL01$h0239
=FIN  \\$aY$d20050803
=LAS  \\$aWR13_070$b00$c20130504$lBLL01$h0239

