=LDR  01520 am a22003857a 4500
=001  013201856
=003  Uk
=005  20050803151040.0
=008  050519s2005\\\\nr\\\\\\\b\\\\000\0\eng\\
=FMT  \\$a  BK
=020  \\$a9781813695 (pbk.)
=040  \\$aUk$beng$cUk
=245  00$aCommercialisation of research and development (R & D) results in Nigeria :$bpolicy challenges /$cBusiness and Technology Development Department.
=260  \\$aIbadan :$bNigerian Institute of Social and Economic Research,$c2005.
=300  \\$a31 p. ;$c22 cm.
=336  \\$atext$2rdacontent
=337  \\$aunmediated$2rdamedia
=338  \\$avolume$2rdacarrier
=490  1\$aNISER occasional paper ;$v2005, no. 6
=504  \\$aIncludes bibliographical references.
=650  \0$aResearch$xEconomic aspects$zNigeria.
=650  \0$aResearch$xManagement$zNigeria.
=710  2\$aNigerian Institute of Social and Economic Research.$bBusiness and Technology Development Department.
=830  \0$aNISER occasional paper ;$v2005, no. 6.
=852  41$aBritish Library$bHMNTS$iNumber 6 (2005)
=985  \\$aRecord amended for WR# 13/070
=CAT  \\$a11076$b40$c20050519$lBLL01$h0832
=CAT  \\$a8980$b40$c20050803$lBLL01$h1219
=CAT  \\$a8980$b40$c20050803$lBLL01$h1247
=CAT  \\$a8964$b40$c20050803$lBLL01$h1510
=CAT  \\$aBATCH$b00$c20091217$lBLL01$h0351
=CAT  \\$aWR13_070$b00$c20130504$lBLL01$h0239
=CAT  \\$aBATCH-UPD$b00$c20191230$lBLL01$h1653
=FIN  \\$aY$d20050803
=LAS  \\$aBATCH-UPD$b00$c20191230$lBLL01$h1653

