=LDR  01303 as a22003737a 4500
=001  013204640
=003  Uk
=005  20060308132239.0
=007  ta
=008  050524d20022004enkbr\p\\\\\\\0\\\a0eng\\
=FMT  \\$a  SE
=040  \\$aUk$beng$cUk
=130  0\$aPeople (Yorkshire Bank edition)
=245  10$aPeople :$bthe bi-monthly newsletter for the people of Yorkshire Bank.
=250  \\$aYorkshire Bank ed.
=260  \\$aLeeds :$bYorkshire Bank.
=300  \\$av. :$bcol. ill., col. ports. ;$c42 cm.
=336  \\$atext$2rdacontent
=337  \\$aunmediated$2rdamedia
=338  \\$avolume$2rdacarrier
=362  1\$aCeased in 2004.
=500  \\$aBegan in 2002?
=500  \\$aDescription based on: Issue 9 (Apr. 2004)
=610  20$aYorkshire Bank Limited$vPeriodicals.
=610  20$aYorkshire Bank Limited$xEmployees$vPeriodicals.
=710  2\$aYorkshire Bank Limited.
=785  00$aNational Australia Group UK.$sPeople (Leeds, England : 2004)
=852  11$aBritish Library$bSTI$cBIPC$kBIPC Trade Literature Collection$3Issue 9, April 2004- Issue 4 (2005:June)
=CAT  \\$a6537$b40$c20050524$lBLL01$h1302
=CAT  \\$a6537$b40$c20050525$lBLL01$h0944
=CAT  \\$a8483$b40$c20060308$lBLL01$h1322
=FIN  \\$aY$d20050524
=TCO  \\$aCLA$bCLA$c008
=LAS  \\$a8483$b40$c20060308$lBLL01$h1322

