=LDR  01154 as a22003377a 4500
=001  013206928
=003  Uk
=005  20050610100421.0
=007  ta
=008  050524c20029999stkbr\p\\\\\\\0\\\a0eng\\
=FMT  \\$a  SE
=040  \\$aUk$beng$cUk
=130  0\$aPeople (Clydesdale Bank edition)
=245  10$aPeople :$bthe bi-monthly newsletter for the people of Clydesdale Bank.
=250  \\$aClydesdale Bank ed.
=260  \\$aGlasgow :$bClydesdale Bank.
=300  \\$av. :$bcol. ill., col. ports. ;$c42 cm.
=336  \\$atext$2rdacontent
=337  \\$aunmediated$2rdamedia
=338  \\$avolume$2rdacarrier
=500  \\$aBegan in 2002?
=500  \\$aDescription based on: Issue 9 (Apr. 2004)
=610  20$aClydesdale Banking Company$vPeriodicals.
=610  20$aClydesdale Banking Company$xEmployees$vPeriodicals.
=710  2\$aClydesdale Banking Company.
=852  11$aBritish Library$bSTI$cBIPC$kBIPC Trade Literature Collection$3Issue 9 (2004)-Issue 10 (2004)
=CAT  \\$a6537$b40$c20050525$lBLL01$h0943
=CAT  \\$a5194$b40$c20050610$lBLL01$h1004
=FIN  \\$aY$d20050525
=TCO  \\$aCLA$bCLA$c008
=LAS  \\$a5194$b40$c20050610$lBLL01$h1004

