=LDR  01709aas a2200421 a 4500
=001  013207664
=003  Uk
=005  20061206084818.0
=007  ta
=008  050526d20022003enkar\p\\\\\\\0\\\a0eng\\
=FMT  \\$a  SE
=040  \\$aUk$beng$cUk$dUk
=042  \\$aukblsr
=082  04$a338.76223380941$222
=110  2\$aConocoPhillips Petroleum Company UK.
=240  10$aReport and financial statements (ConocoPhillips Petroleum Company UK)
=245  10$aReport and financial statements /$cConocoPhillips Petroleum Company UK.
=260  \\$a[Great Britain] :$bConocoPhillips Petroleum Company UK
=300  \\$a2 v. ;$c30 cm.
=336  \\$atext$2rdacontent
=337  \\$aunmediated$2rdamedia
=338  \\$avolume$2rdacarrier
=362  0\$a2002-2003.
=500  \\$aFirst issue published 2004?
=610  20$aConocoPhillips Petroleum Company UK$vPeriodicals.
=610  20$aConocoPhillips Petroleum Company UK$xFinance$vPeriodicals.
=780  00$aPhillips Petroleum Company United Kingdom.$sReport and accounts (Phillips Petroleum Company United Kingdom)
=785  00$aConocoPhillips Petroleum Company UK.$sFinancial statements (ConocoPhillips Petroleum Company UK)
=852  11$aBritish Library$bSTI$cBIPC$kBIS$32002-2003.
=CAT  \\$a11313$b40$c20050526$lBLL01$h0806
=CAT  \\$a11313$b40$c20050526$lBLL01$h0820
=CAT  \\$a11313$b40$c20050526$lBLL01$h0822
=CAT  \\$a9572$b40$c20050630$lBLL01$h1711
=CAT  \\$a8323$b40$c20061206$lBLL01$h0848
=FIN  \\$aY$d20050526
=LKR  \\$aPAR$b007202836$lBLL01$r78000$mReport and financial statements /$nReport and accounts (Phillips Petroleum Company United Kingdom)
=TCO  \\$aCLA$bCLA$c008
=LAS  \\$a8323$b40$c20061206$lBLL01$h0848

