=LDR  01549 am a2200433 a 4500
=001  013216542
=003  Uk
=005  20050608124541.0
=008  041214s2004\\\\it\a\\\\\b\\\\000\0\ita\d
=FMT  \\$a  BK
=020  \\$a888086534X (pbk.)
=040  \\$aItFiC$beng$cVA@$dOCLCQ$dUk
=042  \\$aukblsr
=043  \\$ae-it---
=045  \\$ao0s9$at0u9$av0w1$aw1w9$ax0x4$ax4x-
=050  \4$aNA5621.O833$bC45 2004
=082  14$a726$212
=245  03$aLa chiesa di Santa Maria della Nova in Ostuni :$bdal Medioevo all'età moderna /$ca cura di Luigi Greco e Cosimo Legrottaglie.
=260  \\$aGalatina (Lecce) :$bM. Congedo,$c2004.
=300  \\$a157 p. :$bcol. ill. ;$c25 cm.
=336  \\$atext$2rdacontent
=337  \\$aunmediated$2rdamedia
=338  \\$avolume$2rdacarrier
=490  1\$aBiblioteca di cultura pugliese ;$vser. 2a, 149
=504  \\$aIncludes bibliographical references.
=610  20$aSanta Maria della Nova (Church : Ostuni, Italy)
=650  \0$aChurch architecture$zItaly$zOstuni.
=651  \0$aOstuni (Italy)$xBuildings, structures, etc.
=700  1\$aGreco, Luigi,$d1955-
=700  1\$aLegrottaglie, Cosimo,$d1931-
=830  \0$aBiblioteca di cultura pugliese ;$vser. 2a, 149.
=852  41$aBritish Library$bHMNTS$iser. 2a, 149
=CAT  \\$a7483$b40$c20050608$lBLL01$h1057
=CAT  \\$a7483$b40$c20050608$lBLL01$h1245
=CAT  \\$aBATCH$b00$c20091217$lBLL01$h0353
=CAT  \\$aBATCH-UPD$b00$c20180128$lBLL01$h2138
=FIN  \\$aY$d20050608
=SID  \\$aZ39$bOCLC
=LAS  \\$aBATCH-UPD$b00$c20180128$lBLL01$h2138

