=LDR  00666 am a22002293a 4500
=001  013226853
=003  Uk
=005  20050622153409.0
=008  050622s\\\\\\\\enk\\\\\\\\\\\000\0\eng\\
=FMT  \\$a  BK
=020  \\$a1582390029
=245  04$aThe international directory of importers$bMiddle East
=260  \\$aWashington$bInterdata$c2005
=336  \\$atext$2rdacontent
=337  \\$aunmediated$2rdamedia
=338  \\$avolume$2rdacarrier
=830  \0$v17
=852  41$aBritish Library$bSTI$i17
=CAT  \\$a8457$b40$c20050622$lBLL01$h1533
=CAT  \\$a8457$b40$c20050622$lBLL01$h1534
=CAT  \\$aBATCH$b00$c20091217$lBLL01$h0354
=LAS  \\$aBATCH$b00$c20091217$lBLL01$h0354

