=LDR  01363 am a22003737a 4500
=001  013237525
=003  Uk
=005  20060118112120.0
=008  050624s2005\\\\enk\\\\\\\\\\\000\0\eng\\
=FMT  \\$a  BK
=040  \\$aUk$beng$cUk
=082  04$a341.242$222
=245  00$aCouncil of Europe :$brecommendations to facilitate inclusion of civil society in ensuring the implementation of judgments of the European court of human rights and debates on the future of the court.
=260  \\$aLondon :$bAmnesty International,$c2005.
=300  \\$a6 p. ;$c30 cm.
=336  \\$atext$2rdacontent
=337  \\$aunmediated$2rdamedia
=338  \\$avolume$2rdacarrier
=504  \\$aIncludes bibliographical references.
=500  \\$aPublisher's no.: IOR 61/010/2005.
=710  2\$aAIRE Centre.
=710  2\$aEuropean Human Rights Advocacy Centre.
=710  2\$aAmnesty International.$bInternational Secretariat.
=852  41$aBritish Library$bDSC$i61/010/IOR
=BGT  \\$at
=CAT  \\$a8457$b40$c20050624$lBLL01$h1114
=CAT  \\$a8250$b40$c20050704$lBLL01$h1436
=CAT  \\$a8250$b40$c20050704$lBLL01$h1438
=CAT  \\$a8250$b40$c20050705$lBLL01$h1353
=CAT  \\$a8250$b40$c20050705$lBLL01$h1355
=CAT  \\$a8964$b40$c20050706$lBLL01$h1136
=CAT  \\$a6491$b40$c20060118$lBLL01$h1121
=FIN  \\$aY$d20050704
=LAS  \\$a6491$b40$c20060118$lBLL01$h1121

