=LDR  01832 as a2200529 a 4500
=001  013244256
=003  Uk
=005  20160808094718.0
=007  ta
=008  050704d20042012enkmn\p\\\\\\\0\\\a0eng\\
=FMT  \\$a  SE
=015  \\$aGBA556219$2bnb
=040  \\$aUk$beng$cUk
=042  \\$aukblsr
=082  04$a381.4564130094105$222
=245  00$aYour consortium.
=246  3\$aNisa-Today's consortium magazine
=246  3\$aConsortium magazine
=260  \\$aCrowborough :$bNisa-Today's,$c2004-2012
=300  \\$av. :$bcol. ill., col. ports. ;$c35 cm.
=310  \\$aMonthly (except Jan.)
=336  \\$atext$2rdacontent
=337  \\$aunmediated$2rdamedia
=338  \\$avolume$2rdacarrier
=362  0\$aIssue 89 (Dec. 2004)-
=362  1\$aCeased with issue 177 (December 2012)
=650  \0$aGrocery trade$zGreat Britain$vPeriodicals.
=610  20$aNisa Today's (Holdings) Limited$vPeriodicals.
=690  7\$aManagement and Business Studies$2blcoll
=710  2\$aNisa Today's (Holdings) Limited.
=780  00$tConsortium
=785  00$tNisa consortium
=852  11$aBritish Library$bSTI$cBIPC$kBIPC Trade Literature Collection$3Issue 90 (2005)-issue 177 (2012)
=CAT  \\$a6537$b40$c20050704$lBLL01$h1416
=CAT  \\$a6537$b40$c20050704$lBLL01$h1420
=CAT  \\$a10743$b40$c20050725$lBLL01$h1612
=CAT  \\$a10743$b40$c20050725$lBLL01$h1625
=CAT  \\$aBATCH$b00$c20090624$lBLL01$h1702
=CAT  \\$aBATCH690$c20100715$lBLL01$h2103
=CAT  \\$aBATCH-MBS$c20100716$lBLL01$h2048
=CAT  \\$a10973$b40$c20130412$lBLL01$h1441
=CAT  \\$aWR14_140$c20140905$lBLL01$h1808
=CAT  \\$a7778$b40$c20160808$lBLL01$h0947
=FIN  \\$aY$d20050704
=LKR  \\$aPAR$b007892427$lBLL01$r78000$mYour consortium.$nThe consortium.
=TCO  \\$aCLA$bCLA$c008
=LAS  \\$a7778$b40$c20160808$lBLL01$h0947

