=LDR  01242 as a2200397 a 4500
=001  013244961
=003  Uk
=005  20060330164450.0
=007  ta
=008  050705c20059999enkfr\p\\\\\\\0\\\a0eng\\
=FMT  \\$a  SE
=015  \\$aGBA617991$2bnb
=022  0\$a1748-2453$202
=040  \\$aUk$beng$cUk
=042  \\$aukblsr$aissnuk
=082  04$a338.94107$222
=222  \0$aItch$b(London)
=245  00$aItch :$bbeyond green's journal of sustainable developments.
=260  \\$aLondon :$bBeyond Green,$c2005-
=300  \\$av. :$bcol. ill. ;$c24 cm.
=310  \\$aSemiannual
=336  \\$atext$2rdacontent
=337  \\$aunmediated$2rdamedia
=338  \\$avolume$2rdacarrier
=362  0\$aIssue 1 (Summer 2005)-
=650  \0$aSustainable development$zGreat Britain$vPeriodicals.
=650  \0$aCity planning$zGreat Britain$vPeriodicals.
=710  2\$aBeyond Green (Firm)
=852  41$8021$3UNITED KINGDOM$aBritish Library$bHMNTS$3Issue 1 (2005)
=CAT  \\$a11316$b40$c20050705$lBLL01$h1336
=CAT  \\$a8483$b40$c20060127$lBLL01$h0957
=CAT  \\$a11306$b40$c20060330$lBLL01$h1644
=CAT  \\$aWR14_140$c20140905$lBLL01$h1808
=FIN  \\$aY$d20060127
=TCO  \\$aCLA$bCLA$c008
=LAS  \\$aWR14_140$b00$c20140905$lBLL01$h1808

