=LDR  01030 am a2200289 a 4500
=001  013248614
=003  Uk
=005  20050824174631.0
=008  050708s1914\\\\ii\\\\\\\\\\\\000\0\tamr\
=FMT  \\$a  BK
=040  \\$aUk$beng$cUk
=100  1\$aCuntararāma Aiyar, C. V.
=245  10$aRājapakti /$cC.V. Cuntararāma Aiyar.
=246  14$aLoyalty
=260  \\$aPaṭṭukkōṭṭai :$bC. V. Sundara Ramier,$c1914$f(Śrī Nāṭiyamman̲ Piras)
=300  \\$a8 p. ;$c18 cm.
=336  \\$atext$2rdacontent
=337  \\$aunmediated$2rdamedia
=338  \\$avolume$2rdacarrier
=500  \\$aA lecture urging the necessity of loyalty to the Imperial throne and the British cause especially during the first World War.
=651  \0$aIndia$xPolitics and government$y1857-1919.
=852  41$aBritish Library$bOC$pTam.B.1024(1)
=CAT  \\$a8803$b40$c20050708$lBLL01$h1613
=CAT  \\$a4039$b40$c20050824$lBLL01$h1742
=CAT  \\$a4039$b40$c20050824$lBLL01$h1746
=FIN  \\$aY$d20050708
=LAS  \\$a4039$b40$c20050824$lBLL01$h1746

