=LDR  01370 am a2200397 a 4500
=001  013250293
=003  Uk
=005  20070530173741.0
=008  050317s2003\\\\my\a\\\\\c\\\f001\0\may\\
=FMT  \\$a  BK
=020  \\$a9679311384
=040  \\$aDLC$cDLC$dDLC
=042  \\$alcode
=043  \\$aa-my---
=082  04$a091.09595$220
=245  00$aKatalog pameran :$bPersuratan Melayu warisan intelek silam : sempena sambutan Bulan Bahasa dan Sastera 2003, 17 September-6 Oktober, 2003.
=246  30$aPersuratan Melayu
=260  \\$aKuala Lumpur :$bPerpustakaan Negara Malaysia,$c2003.
=300  \\$a167 p. :$bill. (some col.) ;$c23 cm.
=336  \\$atext$2rdacontent
=337  \\$aunmediated$2rdamedia
=338  \\$avolume$2rdacarrier
=546  \\$aIn Malay.
=520  \\$aCatalog of an exhibition on Malay manuscripts and rare books held at the Perpustakaan Negara Malaysia.
=500  \\$aIncludes index.
=650  \0$aManuscripts, Malay$zMalaysia.
=650  \0$aRare books$zMalaysia.
=710  2\$aPerpustakaan Negara Malaysia.
=852  11$aBritish Library$bOC$cSPHOA$kOIJ091.095
=CAT  \\$a11522$b40$c20050712$lBLL01$h1557
=CAT  \\$a12282$b40$c20061023$lBLL01$h1019
=CAT  \\$a12282$b40$c20070425$lBLL01$h1230
=CAT  \\$a1722$b40$c20070530$lBLL01$h1737
=FIN  \\$aY$d20061023
=SRC  \\$aBLL02
=LAS  \\$a1722$b40$c20070530$lBLL01$h1737

