=LDR  01683 am a2200445 a 4500
=001  013250304
=003  Uk
=005  20051010143233.0
=008  050214s2003\\\\tu\\\\\\\c\\\\001\0\tur\d
=FMT  \\$a  BK
=020  \\$a9751616131
=040  \\$aOSU$cOSU$dUk
=043  \\$aa-tu---
=082  04$a011.3109564$220
=110  2\$aMevlânâ Müzesi (Konya, Turkey).$bKütüphane.
=245  10$aMevlânâ Müzesi müzelik yazma kitaplar kataloğu /$chazırlayan, Abdülbâkı̂ Gölpınarlı.
=260  \\$aAnkara:$bTürk Tarih Kurumu Basımevi,$c2003.
=300  \\$axii, 289 p. ;$c28 cm.
=336  \\$atext$2rdacontent
=337  \\$aunmediated$2rdamedia
=338  \\$avolume$2rdacarrier
=490  1\$aTürk Tarih Kurumu yayınları. XII. dizi ;$vsa. 10
=500  \\$aAt head of title: Atatürk Kültür, Dil ve Tarih Yüksek Kurumu.
=500  \\$aIncludes index.
=650  \0$aManuscripts, Arabic$zTurkey$zKonya$vCatalogs.
=650  \0$aManuscripts, Persian$zTurkey$zKonya$vCatalogs.
=650  \0$aManuscripts, Turkish$zTurkey$zKonya$vCatalogs.
=700  1\$aGölpınarlı, Abdülbâki,$d1900-1982.
=830  \0$aTürk Tarih Kurumu yayınları.$nXII. dizi ;$vsa. 10
=852  11$aBritish Library$bOC$kOIB$h011.31
=CAT  \\$a7861$b40$c20050712$lBLL01$h1611
=CAT  \\$a7861$b40$c20050712$lBLL01$h1618
=CAT  \\$a1722$b40$c20051010$lBLL01$h1428
=CAT  \\$a1722$b40$c20051010$lBLL01$h1432
=CAT  \\$aBATCH-UPD$b40$c20080202$lBLL01$h1836
=CAT  \\$aBATCH$b00$c20091217$lBLL01$h0356
=CAT  \\$aBATCH-UPD$b00$c20110831$lBLL01$h2149
=FIN  \\$aY$d20051010
=SID  \\$aZ39$bOCLC
=LAS  \\$aBATCH-UPD$b00$c20110831$lBLL01$h2149

