=LDR  01333 am a22003737a 4500
=001  013251885
=003  Uk
=005  20100922152053.0
=008  050713s2005\\\\enka\\\\\b\\\\000\0\eng\\
=FMT  \\$a  BK
=040  \\$aUk$beng$cUk
=082  04$a362.1086942$222
=245  00$aMobilising social science research to improve health /$b[edited by Gerry Bloom and Caroline Knowles].
=260  \\$aBrighton :$bInstitute of Development Studies,$c2005.
=300  \\$a1 folded sheet (4 p.) :$bcol. ill. ;$c30 cm.
=336  \\$atext$2rdacontent
=337  \\$aunmediated$2rdamedia
=338  \\$avolume$2rdacarrier
=490  1\$aIDS policy briefing,$x1360-4724 ;$v23
=504  \\$aIncludes bibliographical references.
=700  1\$aBloom, Gerald.
=700  1\$aKnowles, Caroline.
=710  2\$aUniversity of Sussex.$bInstitute of Development Studies
=830  \0$aIDS policy briefing,$x1360-4724 ;$v23
=852  41$aBritish Library$bDSC$iIs. 23:2005$m4362.610500
=BGT  \\$at
=CAT  \\$a9504$b40$c20050713$lBLL01$h1339
=CAT  \\$a11325$b40$c20050715$lBLL01$h1457
=CAT  \\$a11325$b40$c20050715$lBLL01$h1458
=CAT  \\$aBATCH-UPD$b40$c20070208$lBLL01$h0406
=CAT  \\$aBATCH$b00$c20091217$lBLL01$h0356
=CAT  \\$a12179$b40$c20100922$lBLL01$h1520
=FIN  \\$aY$d20050715
=LAS  \\$a12179$b40$c20100922$lBLL01$h1520

