=LDR  01418 as a2200421 a 4500
=001  013257909
=003  Uk
=005  20061116142120.0
=007  ta
=008  050721d20022005enkar\p\\\\\\\0\\\a0eng\\
=FMT  \\$a  SE
=015  \\$aGBA561675$2bnb
=040  \\$aUk$beng$cUk
=042  \\$aukblsr
=082  04$a658.408$222
=110  2\$aTOTAL (Firm)
=245  10$aSharing our energies :$bcorporate social responsibility report ... /$cTOTAL.
=246  30$aCorporate social responsibility report
=260  \\$aCourbevoie, France :$a[Great Britain] :$bTOTAL,$c[2002]-2004.
=300  \\$av. :$bcol. ill., col. maps, col. ports. ;$c30 cm.
=310  \\$aAnnual
=336  \\$atext$2rdacontent
=337  \\$aunmediated$2rdamedia
=338  \\$avolume$2rdacarrier
=362  1\$aBegan in 2002 ; ceased in 2004.
=500  \\$aDescription based on: 2003 issue.
=610  20$aTOTAL (Firm)$vPeriodicals.
=650  \0$aSocial responsibility of business$vPeriodicals.
=785  00$tTotal Group in the UK
=852  11$aBritish Library$bSTI$cBIPC$kBIPC Trade Literature Collection$32003
=CAT  \\$a6537$b40$c20050721$lBLL01$h1238
=CAT  \\$a6537$b40$c20050721$lBLL01$h1240
=CAT  \\$a11439$b40$c20061116$lBLL01$h1338
=CAT  \\$a11439$b40$c20061116$lBLL01$h1421
=CAT  \\$aWR14_140$c20140905$lBLL01$h1808
=FIN  \\$aY$d20050721
=TCO  \\$aCLA$bCLA$c008
=LAS  \\$aWR14_140$b00$c20140905$lBLL01$h1808

