=LDR  02488 am a2200625 a 4500
=001  013264394
=003  Uk
=005  20091019174349.0
=008  060206s2005\\\\ja\a\\\\\bd\\\000\0cjpn\d
=FMT  \\$a  BK
=010  \\$a2006378252
=020  \\$a4816919333
=020  \\$a9784816919336
=035  \\$a(OCoLC)61402180
=040  \\$aCtY$cYUS$dDLC$dLWU$dCUY$dTRCLS$dOCLCG$dOCLCA
=042  \\$aukblsr
=043  \\$aa-ja---
=050  00$aCT1834$b.U45 2005
=084  \\$a281.033$2njb
=084  \\$a281.033$2njb/9
=245  00$6880-01$aUmi o koeta Nihon jinmei jiten /$chenshū Tomita Hitoshi.
=246  3\$6880-02$aUmi o koeta Nihonjinmei jiten
=246  15$aBiographical dictionary of Japanese travelers to the Occident, 1551-1897
=250  \\$6880-03$aShintei zōho.
=260  \\$6880-04$aTōkyō :$bNichigai Asoshiētsu :$bHatsubaimoto Kinokuniya Shoten,$c2005.
=300  \\$axiv, 918 p. :$bill. ;$c22 cm.
=336  \\$atext$2rdacontent
=337  \\$aunmediated$2rdamedia
=338  \\$avolume$2rdacarrier
=504  \\$aIncludes bibliographical references (p. xi-xiii) and index.
=650  \0$aJapanese$zForeign countries$vBiography$vDictionaries$xJapanese.
=650  \0$aTravelers$zJapan$vBiography$vDictionaries$xJapanese.
=651  \1$aJapan$xRelations$zForeign countries$xHistory.
=700  1\$6880-05$aTomita, Hitoshi,$d1933-2009
=880  1\$6100-00$a富田仁,$d1933-
=880  00$6245-01$a海を越えた日本人名事典 /$c編集富田仁.
=880  3\$6246-02$a海を越えた日本人名事典
=880  \\$6250-03$a新訂増補.
=880  \\$6260-04$a東京 :$b日外アソシエーツ :$b発売元紀伊國屋書店,$c2005.
=880  \\$6653-06$a日本$a伝記$a辞書.
=880  \\$6653-07$a日本$a外国関係$a歴史.
=880  07$6650-08$a人名辞典－日本$2jlabsh/3
=880  07$6650-09$a日本－対外関係－ヨーロッパ－歴史$2jlabsh/3
=880  07$6650-10$a日本－対外関係－アメリカ合衆国－歴史$2jlabsh/3
=880  1\$6700-05$a富田仁,$d1933-
=852  11$aBritish Library$bOC$cSPHOA$kOIM$k920.052
=CAT  \\$a11686$b40$c20050802$lBLL01$h1048
=CAT  \\$a11686$b40$c20050802$lBLL01$h1049
=CAT  \\$a11686$b40$c20050802$lBLL01$h1052
=CAT  \\$a11686$b40$c20051010$lBLL01$h1213
=CAT  \\$a4039$b40$c20091019$lBLL01$h1743
=CAT  \\$aBATCH-UPD$b40$c20091019$lBLL01$h1744
=FIN  \\$aY$d20091019
=SID  \\$aZ39$bOCLC
=LAS  \\$aBATCH-UPD$b40$c20091019$lBLL01$h1744

