=LDR  01768 as a2200481 a 4500
=001  013266359
=003  Uk
=005  20120110113953.0
=007  ta
=008  050803d200u2010enkuu\p\\\\\\\0\\\a0eng\\
=FMT  \\$a  SE
=015  \\$aGBA565886$2bnb
=040  \\$aUk$beng$cUk$dUk
=042  \\$aukblsr
=082  04$a338.7621850941$222
=110  2\$aABB Power Technologies.
=245  10$aFFWD :$bfast forward with ABB Power Technologies.
=246  30$aFast forward with ABB Power Technologies
=246  13$aFast forward with power technologies
=260  \\$aStone :$bABB Ltd.,$c-2010.
=300  \\$av. :$bill. (some col.), col. maps, col. ports. ;$c30 cm.
=336  \\$atext$2rdacontent
=337  \\$aunmediated$2rdamedia
=338  \\$avolume$2rdacarrier
=362  1\$aCeased in 2010.
=530  \\$aAlso available via the Internet, summer 2004-
=500  \\$aDescription based on: Summer 2004 issue.
=610  20$aABB Power Technologies$vPeriodicals.
=650  \0$aPower transmission equipment industry$zGreat Britain$vPeriodicals.
=650  \0$aPower transmission equipment industry$vPeriodicals.
=690  7\$aManagement and Business Studies$2blcoll
=785  00$tFFWD (Stone, Staffordshire, England)
=852  11$aBritish Library$bSTI$cBIPC$kBIPC Trade Literature Collection$3Winter (2003/2004)-winter (2008/2009)
=CAT  \\$a8323$b40$c20050803$lBLL01$h1617
=CAT  \\$a9572$b40$c20050927$lBLL01$h1328
=CAT  \\$aBATCH$b00$c20090624$lBLL01$h1703
=CAT  \\$aBATCH690$c20100715$lBLL01$h2103
=CAT  \\$aBATCH-MBS$c20100716$lBLL01$h2048
=CAT  \\$a11205$b40$c20120110$lBLL01$h1139
=CAT  \\$aWR14_140$c20140905$lBLL01$h1808
=FIN  \\$aY$d20050803
=TCO  \\$aCLA$bCLA$c008
=LAS  \\$aWR14_140$b00$c20140905$lBLL01$h1808

