=LDR  01455 am a22004217a 4500
=001  013269320
=003  Uk
=005  20071130150311.0
=008  800606m19659999caua\\\\\\\\\\001\0\eng\d
=FMT  \\$a  BK
=010  \\$a65018742
=035  \\$a(OCoLC)6394717
=040  \\$aAZN$cAZN$dDPL$dOCLCQ$dCLU$dUk
=043  \\$an-us-ca
=045  2\$aw4w4$bd18461024$bd18481223
=050  \4$aPN4899.C3$bC3
=245  04$aThe California star. :$bYerba Buena and San Francisco : a reproduction in facsimile /$cIntroduction by Fred Blackburn Rogers.
=260  \\$aBerkeley, Calif. :$bHowell-North Books,$c1965-
=300  \\$av. :$bill. ;$c38 cm.
=336  \\$atext$2rdacontent
=337  \\$aunmediated$2rdamedia
=338  \\$avolume$2rdacarrier
=500  \\$aIncludes index.
=505  1\$av. 1. 1847-1848
=650  \0$aAmerican newspapers$zCalifornia$vFacsimiles.
=650  \0$aAmerican newspapers$zCalifornia$zSan Francisco$vFacsimiles.
=650  \0$aMexican War, 1846-1848$vSources.
=651  \0$aCalifornia$xHistory$y1846-1850$vSources.
=651  \0$aSan Francisco (Calif.)$xHistory$vSources.
=740  0\$aCalifornia star.
=852  41$aBritish Library$bHMNTS$ivol. 1
=CAT  \\$a12320$b40$c20050809$lBLL01$h1615
=CAT  \\$a5512$b40$c20070731$lBLL01$h1443
=CAT  \\$a11250$b40$c20071130$lBLL01$h1500
=CAT  \\$a11250$b40$c20071130$lBLL01$h1503
=FIN  \\$aY$d20070731
=SID  \\$aZ39$bOCLC
=LAS  \\$a11250$b40$c20071130$lBLL01$h1503

