=LDR  02390cam a22006017a 4500
=001  013272701
=003  Uk
=005  20221231211222.0
=008  050815s2005\\\\enk\\\\\\b\\\\000\0\eng\\
=FMT  \\$a  BK
=020  \\$a190505808X (pbk.)
=040  \\$aUk$beng$cUk
=082  04$a327.396$222
=100  1\$aRaḣimov, Mirzoḣid.
=245  10$aCentral Asian nations & border issues /$cMirzohid Rahimov and Galina Urazaeva.
=260  \\$aCamberley :$bConflict Studies Research Centre,$c2005.
=300  \\$a24 p. ;$c30 cm.
=336  \\$atext$2rdacontent
=337  \\$aunmediated$2rdamedia
=338  \\$avolume$2rdacarrier
=490  1\$aCentral Asian series ;$v05/10
=504  \\$aIncludes bibliographical references.
=540  \\$aCurrent Copyright Fee: GBP25.00$c0$5Uk
=700  1\$aUrazaeva, Galina.
=710  2\$aConflict Studies Research Centre (Great Britain)
=830  \0$aCentral Asian series ;$v05/10
=852  41$aBritish Library$bDSC$k3105.953500$ino.10
=BGT  \\$at
=CAT  \\$a8250$b40$c20050815$lBLL01$h1107
=CAT  \\$a8250$b40$c20050815$lBLL01$h1153
=CAT  \\$aBATCH$b00$c20091217$lBLL01$h0358
=CAT  \\$aBATCH-CLA$b00$c20140103$lBLL01$h0059
=CAT  \\$aBATCH-CLA$b00$c20161222$lBLL01$h1807
=CAT  \\$aIPL-CLA$c20161230$lBLL01$h2144
=CAT  \\$aBATCH-CLA$b00$c20171222$lBLL01$h2129
=CAT  \\$aIPL-CLA$c20171231$lBLL01$h1645
=CAT  \\$aBATCH-CLA$b00$c20191219$lBLL01$h1734
=CAT  \\$aIPL-CLA$c20191231$lBLL01$h1934
=CAT  \\$aR2001-1524$c20200127$lBLL01$h2013
=CAT  \\$aBATCH-UPD$b00$c20200209$lBLL01$h2103
=CAT  \\$aBATCH-CLA$b00$c20201204$lBLL01$h1536
=CAT  \\$aIPL-CLA$c20201231$lBLL01$h2203
=CAT  \\$aBATCH-CLA$b00$c20221221$lBLL01$h1844
=CAT  \\$aIPL-CLA$c20221231$lBLL01$h2112
=CFI  0\$aCurrent Copyright Fee: GBP25.00$c0$e01-jan-2023$fGBP25.00$g0$hA$5Uk
=CFI  2\$aPrevious Copyright Fee: GBP22.50$c0$e01-jan-2021$fGBP22.50$g0$hA$5Uk
=FIN  \\$aY$d20050815
=TCO  \\$aCLA$bCLA$c008
=ACF  \\$aPrevious Copyright Fee: GBP12.30$c0$e01-jan-2014$fGBP12.30$g0$hA$5Uk
=ACF  \\$aPrevious Copyright Fee: GBP15.00$c0$e01-jan-2017$fGBP15.00$g0$hA$5Uk
=ACF  \\$aPrevious Copyright Fee: GBP17.50$c0$e01-jan-2018$fGBP17.50$g0$hA$5Uk
=ACF  \\$aPrevious Copyright Fee: GBP20.00$c0$e01-jan-2020$fGBP20.00$g0$hA$5Uk
=LAS  \\$aIPL-CLA$b00$c20221231$lBLL01$h2112

