=LDR  00963 as a2200313u  4500
=001  013278121
=003  Uk
=005  20201127180808.0
=007  hd\||||||||||
=008  950421c19929999||||||p|a|\\\\0\\\||eng\\
=FMT  \\$a  SE
=040  \\$aUk$cUk
=245  04$aThe Warsaw Voice.
=336  \\$atext$2rdacontent
=337  \\$amicroform$2rdamedia
=338  \\$amicrofilm reel$2rdacarrier
=362  0\$ano. 167- = 5 Jan. 1992-
=500  \\$aIn English.
=500  \\$aMicrofilm
=752  \\$aPoland$dWarsaw.
=883  0\$aLanguage codes assigned by Bayesian analysis of words present in record$d20201028$qUk$c0.9010
=852  \\$aBritish Library$bHMNTS$cSPHOA
=985  \\$aUpgraded by BSS-generated file for WR2011-1472
=CAT  \\$aCONV$b00$c20040502$lBLL01$h1054
=CAT  \\$a6537$b40$c20050823$lBLL01$h1201
=CAT  \\$aW2011-1472$b00$c20201127$lBLL01$h1808
=FIN  \\$aY$d20050823
=TCO  \\$aZZZ$c008
=LAS  \\$aW2011-1472$b00$c20201127$lBLL01$h1808

