=LDR  01590 am a2200361 a 4500
=001  013294138
=003  Uk
=005  20051005122213.0
=008  020611s1910\\\\ii\\\\\\\\\\\\000\0\tamod
=FMT  \\$a  BK
=040  \\$aCGU$beng$cCGU$dUk
=100  1\$aCivakurunāta Piḷḷai, Ka. Ātimūlam Piḷḷai.
=245  10$aCivakāci Śrī Vicuvēcuparar aruṭpatikam /$cCivakāci ... Ka. Ātimūlam Piḷḷaiyavarkaḷ kumārar... Civakurunāta Piḷḷai iyar̲r̲iyatai patippikkaper̲r̲atu.
=264  \1$aCāttūr :$bLekṣimi Vilāca Acciyantiracālai,$c1910.
=300  \\$c15 cm
=336  \\$atext$2rdacontent
=337  \\$aunmediated$2rdamedia
=338  \\$avolume$2rdacarrier
=500  \\$aVerses in praise of Śiva, worshipped at Sivakasi, together with a short biography of Mahāvidvān Caṅkaramūrttik Kavirāyar by A. Ār̲umukam Piḷḷai.
=600  00$aCaṅkaramūrttik Kavirāyar,$dactive 18th century.
=650  \0$aSiva (Hindu deity)$vPoetry.
=700  1\$aĀr̲umukam Piḷḷai, A.$tCaṅkaramūrttik Kavirāyar avarkaḷ carittiraccurukkam.
=852  41$aBritish Library$bOC$mpTam.A.211
=985  \\$aRecord amended for WR# 13/070
=985  \\$aCorrected by MS generated file for WR# 1805-0738
=CAT  \\$a8803$b40$c20050915$lBLL01$h1803
=CAT  \\$a4039$b40$c20051005$lBLL01$h1222
=CAT  \\$aWR13_070$b00$c20130504$lBLL01$h0241
=CAT  \\$a1805-0738$c20181228$lBLL01$h1811
=CAT  \\$a1805-0738$b00$c20181228$lBLL01$h1901
=FIN  \\$aY$d20050915
=SID  \\$aZ39$bOCLC
=LAS  \\$a1805-0738$b00$c20181228$lBLL01$h1901

