=LDR  01481cas a2200445 a 4500
=001  013298119
=003  Uk
=005  20130614100347.0
=007  ta
=008  050921c200u9999enkmn\p\\\\\\\0\\\a0eng\\
=FMT  \\$a  SE
=040  \\$aUk$beng$cUk$dUk
=042  \\$aukblsr
=082  04$a381.456413$222
=110  2\$aSainsbury's (Firm)
=245  10$aSainsbury's journal :$bfor everyone at Sainsbury's.
=246  30$aJournal (Sainsbury's (Firm))
=260  \\$aLondon :$bSainsbury's
=300  \\$av. :$bcol. ill., col. ports. ;$c30 cm.
=310  \\$aTen issues yearly
=321  \\$aBimonthly
=336  \\$atext$2rdacontent
=337  \\$aunmediated$2rdamedia
=338  \\$avolume$2rdacarrier
=500  \\$aDescription based on: June 2005 issue.
=588  \\$aLatest issue consulted: June 2013.
=610  20$aSainsbury's (Firm)$vPeriodicals.
=690  7\$aManagement and Business Studies$2blcoll
=852  11$aBritish Library$bSTI$cBIPC$kBIPC Trade Literature Collection$3Dec. (2004)-Jun. (2020)
=CAT  \\$a11187$b40$c20050921$lBLL01$h1217
=CAT  \\$a11187$b40$c20050921$lBLL01$h1226
=CAT  \\$a11187$b40$c20051108$lBLL01$h1633
=CAT  \\$a8323$b40$c20061204$lBLL01$h0953
=CAT  \\$aBATCH$b00$c20090624$lBLL01$h1705
=CAT  \\$aBATCH690$c20100715$lBLL01$h2103
=CAT  \\$aBATCH-MBS$c20100716$lBLL01$h2048
=CAT  \\$a8483$b40$c20130614$lBLL01$h1003
=FIN  \\$aY$d20051108
=TCO  \\$aCLA$bCLA$c008
=LAS  \\$a8483$b40$c20130614$lBLL01$h1003

