=LDR  01307 as a2200373 a 4500
=001  013303643
=003  Uk
=005  20051026135059.0
=007  ta
=008  050929c200u9999enktr\\\\\\\\\0\\\a0eng\\
=FMT  \\$a  SE
=015  \\$aGBA583150$2bnb
=040  \\$aUk$beng$cUk
=042  \\$aukblsr
=082  04$a363.6109428805$222
=130  0\$aWatermark (Pity Me, England : 2005)
=245  10$aWatermark :$bthe business magazine for Northumbrian Water Group employees.
=260  \\$aPity Me :$bNorthumbrian Water Group.
=300  \\$av. :$bcol. ill., col. ports. ;$c30 cm.
=310  \\$aThree issues yearly
=336  \\$atext$2rdacontent
=337  \\$aunmediated$2rdamedia
=338  \\$avolume$2rdacarrier
=500  \\$aDescription based on : Spring 2005 issue.
=610  20$aNorthumbrian Water Group$xEmployees$vPeriodicals.
=650  \0$aWater utilities$zEngland$zNorthumberland$xManagement$vPeriodicals.
=710  2\$aNorthumbrian Water Group.
=852  11$aBritish Library$bSTI$cBIPC$kBIPC Trade Literature Collection$3Autum/Winter (2004)-Winter (2005)
=CAT  \\$a11315$b40$c20050929$lBLL01$h1433
=CAT  \\$a11315$b40$c20051026$lBLL01$h1350
=CAT  \\$aWR14_140$c20140905$lBLL01$h1809
=FIN  \\$aY$d20051026
=TCO  \\$aCLA$bCLA$c008
=LAS  \\$aWR14_140$b00$c20140905$lBLL01$h1809

