=LDR  01676 am a2200373 a 4500
=001  013312203
=003  Uk
=005  20060629103956.0
=006  m\\\\|\\\d\|\\\\\\
=007  co||g|||||||||
=008  051013s1999\\\\kn\\\\\\sd\\\\000\0\mul\\
=FMT  \\$a  BK
=040  \\$aUk$beng$cUk
=042  \\$aukblsr
=082  04$a503$222
=245  00$aElectronic multilingual dictionary of science and technology$h[electronic resource] :$bChinese-English-French-German-Japanese-Korean-Russian.
=246  1\$iTitle on container:$aCD-ROM dictionary science & technology
=260  \\$aPyongyang :$bCentral Information Agency for Science and Technology ;$aMoscow :$bInternational Centre for Scientific and Technical Information,$c1999.
=300  \\$a1 CD-ROM ;$c4 3/4 in. +$e1 user guide (19 p. ; 12 cm.)
=336  \\$atext$2rdacontent
=337  \\$acomputer$2rdamedia
=338  \\$acomputer disc$2rdacarrier
=538  \\$aSystem requirements: IBM compatible PC; 486 processor or later; Windows 95 or later; 120 MB of free hard disk space when installing all data, 10 MB when using CD-ROM drive.
=500  \\$aTitle from introductory screen.
=650  \0$aScience$vDictionaries$xPolyglot.
=650  \0$aTechnology$vDictionaries$xPolyglot.
=710  2\$aCentral Information Agency for Science and Technology (Korea : North)
=710  2\$aInternational Centre for Scientific and Technical Information.
=852  71$aBritish Library$bHMNTS$k(TB)$hAA 160$2blsrissc
=CAT  \\$a7332$b40$c20051013$lBLL01$h1103
=CAT  \\$a7332$b40$c20060629$lBLL01$h1039
=CAT  \\$aBATCH-UPD$b40$c20060726$lBLL01$h0819
=FIN  \\$aY$d20051013
=LAS  \\$aBATCH-UPD$b40$c20060726$lBLL01$h0819

