=LDR  02392ccm a2200589 i 4500
=001  013320561
=003  Uk
=005  20230223160809.0
=008  040723m17931833enksgl\\\\\\\\\n\\\\eng\\
=FMT  \\$a  MU
=040  \\$aUk$beng$cUk$erda
=042  \\$aukblsr
=082  04$a783.342$223
=100  1\$aDibdin, Charles,$d1745-1814,$ecomposer.
=240  10$aPadlock.$pSay little foolish flutt'ring thing
=245  10$aSay little foolish fluttering thing :$ba favorite song in the Padlock /$ccomposed by Mr. Dibdin.
=246  3\$iFirst line:$aSay little foolish flutt'ring thing
=264  \1$aLondon (No. 11 Great Turnstile, Lincolns Inn Fields) :$bprinted & sold by Wm. Boag at his music shop,$c[between 1793 and 1833]
=300  \\$a1 score (3 pages) ;$c34 cm
=336  \\$anotated music$2rdacontent
=337  \\$aunmediated$2rdamedia
=338  \\$avolume$2rdacarrier
=340  \\$mfolio$2rdabf
=382  01$ahigh voice$n1$apiano$n1$s2$2lcmpt
=382  11$aflute$n1$2lcmpt
=500  \\$aMusic arranged on two staves for high voice and keyboard, with interlinear words. Followed by an arrangement for the German flute.
=546  \\$bStaff notation.
=500  \\$aCaption title.
=500  \\$aNot in RISM.
=650  \0$aSongs (High voice) with piano.
=650  \0$aOperas$vExcerpts, Arranged.
=655  \7$aArrangements (Music)$2fast$0(OCoLC)fst01920435
=655  \7$aExcerpts.$2fast$0(OCoLC)fst01692837
=655  \7$aOperas.$2fast$0(OCoLC)fst01726688
=655  \7$aScores.$2fast$0(OCoLC)fst01692898
=655  \7$aSongs.$2fast$0(OCoLC)fst01726744
=700  1\$aBoag, William,$dactive approximately 1793-1833,$epublisher.
=852  41$aBritish Library$bMUSIC$hH.1660.mm.(50.)
=985  \\$aCorrected by MS generated file for WR# 1805-0738
=985  \\$aUpdated by MS generated file for WR2302-017
=CAT  \\$a10500$b40$c20051025$lBLL01$h1444
=CAT  \\$aBATCH-UPD$b40$c20091117$lBLL01$h1556
=CAT  \\$aBATCH$b00$c20091117$lBLL01$h1624
=CAT  \\$aBATCH-UPD$b00$c20121114$lBLL01$h1700
=CAT  \\$a11814$b40$c20140710$lBLL01$h0952
=CAT  \\$aWR15_100$c20150913$lBLL01$h1616
=CAT  \\$a11814$b40$c20180412$lBLL01$h1241
=CAT  \\$a1805-0738$c20181228$lBLL01$h1811
=CAT  \\$a1805-0738$b00$c20181228$lBLL01$h1901
=CAT  \\$aW2302-0174$c20230223$lBLL01$h1953
=FIN  \\$aY$d20180412
=LAS  \\$aW2302-0174$b00$c20230223$lBLL01$h1953

