=LDR  02526ccm a2200613 i 4500
=001  013320593
=003  Uk
=005  20230223160809.0
=008  040723s1784\\\\enksgl\\\\\\\\\n\\\\eng\\
=FMT  \\$a  MU
=040  \\$aUk$beng$cUk$erda
=042  \\$aukblsr
=082  04$a783.342$223
=100  1\$aDibdin, Charles,$d1745-1814,$ecomposer.
=245  14$aThe sequel to The topsails shiver in the wind /$ccomposed by C. Dibdin.
=246  3\$iFirst line:$aNo topsails shiver in the wind
=264  \1$a[London] (Coventry Street, Hay Market) :$bprinted by J. Welcker,$c[1784?]
=264  \2$a[London] :$bsold also by Bland, Birchall, Smart, Fentum and S. Vachè
=300  \\$a1 score (4 pages) ;$c32 cm
=336  \\$anotated music$2rdacontent
=337  \\$aunmediated$2rdamedia
=338  \\$avolume$2rdacarrier
=340  \\$mfolio$2rdabf
=382  01$ahigh voice$n1$apiano$n1$s2$2lcmpt
=382  11$aflute$n1$2lcmpt
=500  \\$aSequel to the song by Michael Arne, first published in 1783.
=500  \\$aMusic arranged on two staves for high voice and keyboard, with interlinear words. Followed by an arrangement for the Ger[man] flute, with the words.
=546  \\$bStaff notation.
=500  \\$aCaption title. Page [1] is blank.
=500  \\$aNot in RISM.
=650  \0$aSongs (High voice) with piano.
=655  \7$aArrangements (Music)$2fast$0(OCoLC)fst01920435
=655  \7$aScores.$2fast$0(OCoLC)fst01692898
=655  \7$aSongs.$2fast$0(OCoLC)fst01726744
=700  1\$iSequel to:$aArne, Michael,$d1741?-1786.$tTopsails shiver in the wind.
=700  1\$aWelcker, John,$epublisher.
=852  41$aBritish Library$bMUSIC$hH.1660.mm.(51.)
=985  \\$aJohn Welcker at this address between 1784 and 1785.
=985  \\$aCorrected by MS generated file for WR# 1805-0738
=985  \\$aUpdated by MS generated file for WR2302-017
=CAT  \\$a10500$b40$c20051025$lBLL01$h1505
=CAT  \\$aglobal_upd$b40$c20060416$lBLL01$h1523
=CAT  \\$aBATCH-UPD$b40$c20091117$lBLL01$h1556
=CAT  \\$aBATCH$b00$c20091117$lBLL01$h1624
=CAT  \\$aBATCH-UPD$b00$c20121114$lBLL01$h1700
=CAT  \\$aWR15_100$c20150913$lBLL01$h1616
=CAT  \\$a11814$b40$c20180412$lBLL01$h1300
=CAT  \\$a11814$b40$c20180502$lBLL01$h1455
=CAT  \\$a11814$b40$c20180502$lBLL01$h1457
=CAT  \\$a1805-0738$c20181228$lBLL01$h1811
=CAT  \\$a1805-0738$b00$c20181228$lBLL01$h1901
=CAT  \\$aW2302-0174$c20230223$lBLL01$h1953
=FIN  \\$aY$d20180502
=LAS  \\$aW2302-0174$b00$c20230223$lBLL01$h1953

