=LDR  01316 am a2200361 a 4500
=001  013324169
=003  Uk
=005  20051104170545.0
=008  051031m20059999ai\\\\\\\\\\\\000\0\armr\
=FMT  \\$a  BK
=020  \\$a9994120018
=040  \\$aUk$beng$cUk
=082  04$a220.49$220
=100  1\$aMalkhasyan, Armen.
=245  10$aAstvatsashunchʿ ěst hay matenagrutʿyan : hay inkʿnuruyn grakanutʿyun, 5-12 gg. /$ckazmetsʿ Armen Malkhasyan.
=260  \\$a[Erevan] :$bHayastani Astvatsashnchʿayin Ěnkerutʿyun,$c2005-
=300  \\$av. ;$c30 cm.
=336  \\$atext$2rdacontent
=337  \\$aunmediated$2rdamedia
=338  \\$avolume$2rdacarrier
=490  1\$aAstvatsashnchʿagitakan matenashar / Hayastani Astvatsashnchʿayin Ěnkerutʿyun ;$v3
=505  1\$aA. Nor Ktakaran.
=650  \0$aArmenian literature$yTo 1800.
=630  00$aBible$xQuotations.
=830  \0$aAstvatsashnchʿagitakan matenashar (Hayastani Astvatsashnchʿayin Ěnkerutʿyun) ;$v3.
=852  11$aBritish Library$bOC$kOID$h220.49
=CAT  \\$a9268$b40$c20051031$lBLL01$h1008
=CAT  \\$a1722$b40$c20051104$lBLL01$h1642
=CAT  \\$a1722$b40$c20051104$lBLL01$h1643
=CAT  \\$a1722$b40$c20051104$lBLL01$h1645
=CAT  \\$a1722$b40$c20051104$lBLL01$h1705
=FIN  \\$aY$d20051104
=LAS  \\$a1722$b40$c20051104$lBLL01$h1705

