=LDR  01838aas a2200481 a 4500
=001  013324371
=003  Uk
=005  20120912150046.0
=007  ta
=008  051031d2005200uenkmr\p\\\\\\\0\\\a0eng\\
=FMT  \\$a  SE
=040  \\$aUk$beng$cUk$dUk
=042  \\$aukblsr
=082  04$a338.76655094$222
=110  2\$aChevronTexaco (Firm).$bDownstream Europe.
=245  10$aFocus.$pEurope :$bthe magazine of Downstream Europe /$cChevronTexaco.
=260  \\$aLondon :$bChevronTexaco.
=300  \\$av. :$bcol. ill., col. ports. ;$c30 cm.
=310  \\$aMonthly.
=336  \\$atext$2rdacontent
=337  \\$aunmediated$2rdamedia
=338  \\$avolume$2rdacarrier
=500  \\$aDescription based on: Summer 2005 issue.
=610  20$aChevronTexaco (Firm).$bDownstream Europe$vPeriodicals.
=690  7\$aManagement and Business Studies$2blcoll
=780  00$aEurope West Africa Products.$sFocus (London, England : 2002)
=852  11$aBritish Library$bSTI$cBIPC$kBIPC Trade Literature Collection$3Autumn (2004)-spring (2009)
=CAT  \\$a11187$b40$c20051031$lBLL01$h1147
=CAT  \\$a11187$b40$c20051031$lBLL01$h1150
=CAT  \\$a11187$b40$c20051031$lBLL01$h1153
=CAT  \\$a11187$b40$c20051107$lBLL01$h1217
=CAT  \\$a8964$b40$c20051117$lBLL01$h1457
=CAT  \\$a8964$b40$c20051122$lBLL01$h1039
=CAT  \\$a11187$b40$c20060915$lBLL01$h1038
=CAT  \\$a8323$b40$c20061201$lBLL01$h0905
=CAT  \\$aBATCH$b00$c20090624$lBLL01$h1706
=CAT  \\$aBATCH690$c20100715$lBLL01$h2103
=CAT  \\$aBATCH-MBS$c20100716$lBLL01$h2048
=CAT  \\$a7792$b40$c20120912$lBLL01$h1500
=FIN  \\$aY$d20051107
=LKR  \\$aPAR$b012924934$lBLL01$r78000$mFocus. the magazine of Downstream Europe /$nFocus : the magazine of Europe West Africa Products.
=TCO  \\$aCLA$bCLA$c008
=LAS  \\$a7792$b40$c20120912$lBLL01$h1500

