=LDR  02109 am a2200529 i 4500
=001  013324986
=003  Uk
=005  20181130171124.0
=008  040625s2003\\\\cc\c\\\\\d\\\\001\0\chir\
=FMT  \\$a  BK
=010  \\$a2004386538
=020  \\$a7105057203
=040  \\$aUk$beng$cUk$erda
=041  0\$achi$amon$asan$atib
=042  \\$aukblsr
=050  00$aBQ130$b.J67 2003
=082  04$a294.303$220
=100  0\$aJoriġtu,$d1934-
=245  10$6880-01$aHan Zang Meng duizhao fojiao cidian =$bRgya bod rogs gsum san sbyar gyi nan bstan tshig mdzod = Kitad tobed monggol garichagulugsan burhan shasin-u toli /$c[Zhuorigetu bian].
=246  31$aRgya bod rogs gsum san sbyar gyi nan bstan tshig mdzod
=246  31$aKitad tobed monggol garichagulugsan burhan shasin-u toli
=250  \\$aDi 1 ban.
=260  \\$aBeijing Shi :$bMinzu chubanshe,$c2003.
=300  \\$a18, 3, 17, 1210 pages :$bcolour portrait ;$c22 cm
=336  \\$atext$2rdacontent
=337  \\$aunmediated$2rdamedia
=338  \\$avolume$2rdacarrier
=546  \\$aTibetan terms originated from Sanskrit are also provided with the Sankrit original.
=500  \\$aIncludes index.
=650  \0$aBuddhism$vDictionaries$xChinese.
=650  \0$aChinese language$vDictionaries$xTibetan.
=650  \0$aChinese language$vDictionaries$xMongolian.
=880  10$6245-01$aརྒྱ་བོད་རོགས་གསུམ་སན་སྦྱར་གྱི་ནན་བསྟན་ཚིག་མཛོད།
=852  11$aBritish Library$bOC$cSPHOA$kOII294.303
=CAT  \\$a1722$b40$c20051031$lBLL01$h1754
=CAT  \\$a1722$b40$c20051101$lBLL01$h1704
=CAT  \\$a1722$b40$c20051101$lBLL01$h1802
=CAT  \\$a1722$b40$c20051102$lBLL01$h1136
=CAT  \\$a1722$b40$c20051102$lBLL01$h1148
=CAT  \\$a1722$b40$c20051102$lBLL01$h1258
=CAT  \\$aBATCH-UPD$b40$c20080927$lBLL01$h1943
=CAT  \\$a5100$b40$c20120628$lBLL01$h0902
=CAT  \\$a14760$b40$c20181130$lBLL01$h1710
=CAT  \\$a14760$b40$c20181130$lBLL01$h1711
=FIN  \\$aY$d20181130
=SID  \\$aZ39$bOCLC
=LAS  \\$a14760$b40$c20181130$lBLL01$h1711

