=LDR  01354 as a2200397 a 4500
=001  013325513
=003  Uk
=005  20060817103413.0
=007  ta
=008  051101c200u9999enkuu\p\\\\\\\0\\\a0eng\\
=FMT  \\$a  SE
=040  \\$aUk$beng$cUk
=042  \\$aukblsr
=082  04$a338.76165815$222
=110  2\$aFord Campbell (Firm)
=245  10$aFord Campbell Times :$bthe newsletter from Ford Campbell.
=260  \\$aManchester :$bAngle Creative
=300  \\$av. :$bcol. ill., col. ports. ;$c29 cm.
=336  \\$atext$2rdacontent
=337  \\$aunmediated$2rdamedia
=338  \\$avolume$2rdacarrier
=500  \\$aDescription based on: July 2005 issue.
=610  20$aFord Campbell (Firm)$vPeriodicals.
=690  7\$aManagement and Business Studies$2blcoll
=852  41$aBritish Library$bSTI$cRES$3Earlier issues
=852  11$aBritish Library$bSTI$cBIPC$kBIPC Trade Literature Collection$3July (2005)-apr.(2007)
=CAT  \\$a11187$b40$c20051101$lBLL01$h1231
=CAT  \\$a11187$b40$c20051103$lBLL01$h1414
=CAT  \\$a5100$b40$c20051207$lBLL01$h1541
=CAT  \\$a11187$b40$c20060817$lBLL01$h1034
=CAT  \\$aBATCH$b00$c20090624$lBLL01$h1706
=CAT  \\$aBATCH690$c20100715$lBLL01$h2103
=CAT  \\$aBATCH-MBS$c20100716$lBLL01$h2048
=FIN  \\$aY$d20051103
=TCO  \\$aCLA$bCLA$c008
=LAS  \\$aBATCH-MBS$b00$c20100716$lBLL01$h2048

