=LDR  01436 as a2200445 a 4500
=001  013350810
=003  Uk
=005  20091111114331.0
=007  ta
=008  051201d2006200uenkfr\p\\\\\\\0\\\a0eng\\
=FMT  \\$a  SE
=015  \\$aGBA669087$2bnb
=022  0\$a1749-9305$202
=040  \\$aUk$beng$cUk
=042  \\$aukblsr$aissnuk
=082  04$a338.04094105$222
=130  0\$aRisk & reward (Leominster, England)
=222  \0$aRisk & reward$b(Leominster)
=245  10$aRisk & reward :$bthe DCXWorld.com newsletter.
=246  3\$aRisk and reward
=260  \\$aLeominster :$bDCX,$c2006-
=300  \\$av. :$bcol. ill., col. ports. ;$c30 cm.
=310  \\$aSemiannual
=336  \\$atext$2rdacontent
=337  \\$aunmediated$2rdamedia
=338  \\$avolume$2rdacarrier
=362  0\$a[No. 1]-
=650  \0$aEntrepreneurship$zGreat Britain$vPeriodicals.
=650  \0$aVenture capital$zGreat Britain$vPeriodicals.
=852  11$aBritish Library$bSTI$cBIPC$kBIPC Trade Literature Collection$3[Issue 1].
=CAT  \\$a9570$b40$c20051201$lBLL01$h1130
=CAT  \\$a8124$b40$c20060809$lBLL01$h1235
=CAT  \\$a8124$b40$c20060809$lBLL01$h1237
=CAT  \\$a8124$b40$c20060810$lBLL01$h0811
=CAT  \\$aISSN$b40$c20060908$lBLL01$h1038
=CAT  \\$a7792$b40$c20091111$lBLL01$h1143
=CAT  \\$aWR14_140$c20140905$lBLL01$h1810
=FIN  \\$aY$d20060809
=TCO  \\$aCLA$bCLA$c008
=LAS  \\$aWR14_140$b00$c20140905$lBLL01$h1810

