=LDR  01208 as a22003617a 4500
=001  013369669
=003  Uk
=005  20060816121952.0
=007  ta
=008  060103c20059999enkuu\p\\\\\\\0\\\a0eng\\
=FMT  \\$a  SE
=040  \\$aUk$beng$cUk
=042  \\$aukblsr
=082  04$a338.7691$222
=110  2\$aTarmac (Firm)
=245  10$aTarmac international :$bthe international magazine for Tarmac employees around the group.
=260  \\$a[Great Britain] :$bTarmac,$c2005-
=300  \\$av. :$bcol. ill., col. ports. ;$c30 cm.
=336  \\$atext$2rdacontent
=337  \\$aunmediated$2rdamedia
=338  \\$avolume$2rdacarrier
=362  0\$aIssue 1 (summer 2005)-
=610  20$aTarmac (Firm)$vPeriodicals.
=690  7\$aManagement and Business Studies$2blcoll
=852  11$aBritish Library$bSTI$cBIPC$kBIPC Trade Literature Collection$3Issue 1 (2005)-issue 4 (2007)
=CAT  \\$a8124$b40$c20060103$lBLL01$h1344
=CAT  \\$a11187$b40$c20060816$lBLL01$h1219
=CAT  \\$aBATCH$b00$c20090624$lBLL01$h1709
=CAT  \\$aBATCH690$c20100715$lBLL01$h2103
=CAT  \\$aBATCH-MBS$c20100716$lBLL01$h2048
=FIN  \\$aY$d20060103
=TCO  \\$aCLA$bCLA$c008
=LAS  \\$aBATCH-MBS$b00$c20100716$lBLL01$h2048

