=LDR  01444 am a2200421 a 4500
=001  013382746
=003  Uk
=005  20060126165542.0
=008  060119s2005\\\\xxua\\\\\\\\\\000\c\eng\\
=FMT  \\$a  BK
=015  \\$aGBA617975$2bnb
=016  7\$a013382746$2Uk
=020  \\$a1401206115 (set) :$cNo price
=040  \\$aUk$beng$cUk
=042  \\$aukblsr
=082  04$a741.5$222
=245  04$aThe league of extraordinary gentlemen.$nVol. 2.
=250  \\$aThe absolute ed.
=260  \\$aLa Jolla, Calif. ;$a[Great Britain] :$bAmerica's Best Comics,$cc2005.
=300  \\$a2 v. :$bcol. ill. ;$c33 cm.
=336  \\$atext$2rdacontent
=337  \\$aunmediated$2rdamedia
=338  \\$avolume$2rdacarrier
=500  \\$aIn slip case.
=505  0\$apt. 1. / Alan Moore ... [et al.] -- pt. 2. Scripts / Alan Moore with numerous sketches and an afterword by Kevin O'Neill.
=650  \0$aScience fiction comic books, strips, etc.
=700  1\$aMoore, Alan,$d1953-
=700  1\$aO'Neill, Kevin,$d1953-
=852  41$aBritish Library$bHMNTS$ipt. 1
=852  41$aBritish Library$bHMNTS$ipt. 2
=CAT  \\$a8178$b40$c20060119$lBLL01$h1438
=CAT  \\$a8178$b40$c20060119$lBLL01$h1441
=CAT  \\$a8178$b40$c20060119$lBLL01$h1519
=CAT  \\$a10746$b40$c20060126$lBLL01$h1655
=CAT  \\$a11317$b40$c20080304$lBLL01$h0748
=CAT  \\$aWR16_021$c20160613$lBLL01$h1807
=FIN  \\$aY$d20060126
=LAS  \\$aWR16_021$b00$c20160613$lBLL01$h1807

