=LDR  01549pam a2200469 a 4500
=001  013386591
=003  Uk
=005  20060627133813.0
=008  060120m20042006xxua\\\\\\\\\\000\1\eng\\
=FMT  \\$a  BK
=015  \\$aGBA617046$2bnb
=016  7\$a013386591$2Uk
=020  \\$a0785120947 (v. 2) :$c£23.50
=040  \\$aStDuBDS$beng$cStDuBDS$dUk
=042  \\$aukblsr
=082  04$a741.5973$222
=100  1\$aKirby, Jack.
=245  10$aJack Kirby.
=246  3\$aMarvel visionaries : Jack Kirby
=260  \\$aNew York :$bMarvel ;$a[London :$bDiamond, distributor],$c2004-2006.
=300  \\$a2 v. :$bchiefly col. ill. ;$c29 cm.
=336  \\$atext$2rdacontent
=337  \\$aunmediated$2rdamedia
=338  \\$avolume$2rdacarrier
=490  1\$aMarvel visionaries
=500  \\$a"Contains material originally published in magazine form"--Vol. 2, p. [3].
=500  \\$aFormerly CIP.$5Uk
=600  10$aKirby, Jack.
=650  \0$aScience fiction comic books, strips, etc.
=830  \0$aMarvel visionaries.
=852  41$aBritish Library$bHMNTS$ivol. 2
=CAT  \\$aBATCH-CIP$b00$c20060124$lBLL01$h1702
=CAT  \\$c20060124$lBLL01$h1706
=CAT  \\$c20060124$lBLL01$h1728
=CAT  \\$a10876$b40$c20060623$lBLL01$h1502
=CAT  \\$a11317$b40$c20060627$lBLL01$h1338
=CAT  \\$aBATCH$b00$c20091217$lBLL01$h0411
=CAT  \\$aBATCH$b00$c20100103$lBLL01$h1205
=CAT  \\$aWR16_021$c20160613$lBLL01$h1807
=CAT  \\$aBATCH-UPD$b00$c20160613$lBLL01$h1851
=FIN  \\$aY$d20060627
=LAS  \\$aBATCH-UPD$b00$c20160613$lBLL01$h1851

