=LDR  01559 cm a2200397 a 4500
=001  013387590
=003  Uk
=005  20070322091730.0
=008  060125t200u1993enk||ae|\||||||\\\|\zxx\\
=FMT  \\$a  MU
=028  32$aAC31$bStainer & Bell
=040  \\$aUk$beng$cUk
=082  04$a785.431951858$222
=100  1\$aVaughan Williams, Ralph,$d1872-1958.
=240  10$aCharterhouse suite;$oarranged
=245  10$aCharterhouse suite :$barranged for wind quintet /$cR. Vaughan Williams ; arranged by Antony Roper.
=260  \\$aLondon :$bStainer & Bell,$c[200-?], c1993.
=300  \\$a1 score (20 p.) + 5 parts ;$c30 cm.
=336  \\$anotated music$2rdacontent
=337  \\$aunmediated$2rdamedia
=338  \\$avolume$2rdacarrier
=500  \\$aOriginally for string orchestra (itself an arrangement of "Suite of six short pieces" for piano)
=505  0\$aI. Prelude -- II. Slow dance -- III. Quick dance -- IV. Slow air -- V. Rondo -- VI. Pezzo ostinato.
=650  \0$aSuites (Bassoon, clarinet, flute, horn, oboe), Arranged.
=700  1\$aRoper, Antony.
=852  41$aBritish Library$bDSC$cMUSIC
=985  \\$aRecord amended for WR# 13/070
=CAT  \\$a8870$b40$c20060125$lBLL01$h1121
=CAT  \\$a8870$b40$c20070320$lBLL01$h1710
=CAT  \\$a8870$b40$c20070320$lBLL01$h1712
=CAT  \\$a11244$b40$c20070322$lBLL01$h0917
=CAT  \\$aBATCH-UPD$b40$c20070408$lBLL01$h1838
=CAT  \\$aWR13_070$b00$c20130504$lBLL01$h0243
=CAT  \\$aBATCH-UPD$b00$c20150416$lBLL01$h2100
=FIN  \\$aY$d20070320
=LAS  \\$aBATCH-UPD$b00$c20150416$lBLL01$h2100

