=LDR  01147 am a2200349 a 4500
=001  013388642
=003  Uk
=005  20060126171624.0
=008  060126s2005\\\\gw\a\\\\\b\\\\001\0\eng\\
=FMT  \\$a  BK
=020  \\$a3598347464 (set)
=040  \\$aUk$beng$cUk
=041  0\$aeng$afre$ager
=042  \\$aukblsr
=082  04$a920.071$222
=245  00$aCanadian biographical index =$bIndex Biographique Canadien ; Kanadischer Biographischer Index /$ccompiled by Laureen Baillie.
=246  31$aIndex Biographique Canadien
=246  31$aKanadischer Biographischer Index
=260  \\$aMünchen :$bK.G. Saur,$c2005.
=300  \\$a2 v. ;$c30 cm.
=336  \\$atext$2rdacontent
=337  \\$aunmediated$2rdamedia
=338  \\$avolume$2rdacarrier
=505  0\$av. 1. A-K -- v. 2. L-Z.
=546  \\$aText in English, French and German.
=504  \\$aIncludes bibliographical references and index.
=650  \0$aCanadians$xBiography$vSources.
=700  1\$aBaillie, Laureen.
=852  41$aBritish Library$bHMNTS$cSPHOA$iHLR 920.071
=CAT  \\$a10746$b40$c20060126$lBLL01$h1716
=FIN  \\$aY$d20060126
=LAS  \\$a10746$b40$c20060126$lBLL01$h1716

