=LDR  01880 as a22004577a 4500
=001  013404591
=003  Uk
=005  20060809112742.0
=007  ta
=008  060215d20042005enkar\p\\\\\\\0\\\a0eng\\
=FMT  \\$a  SE
=040  \\$aUk$beng$cUk$dUk
=042  \\$aukblsr
=082  04$a338.761$222
=110  2\$aUnited Co-operatives (Great Britain)
=240  10$aAnnual report and financial statements (United Co-operatives Limited)
=245  00$aAnnual report and financial statements /$cUnited Co-operatives Limited.
=260  \\$aStoke-on-Trent :$bUnited Co-operatives Limited,$c2004-2005.
=300  \\$a2 v. :$bcol. ill. ;$c30 cm.
=336  \\$atext$2rdacontent
=337  \\$aunmediated$2rdamedia
=338  \\$avolume$2rdacarrier
=362  0\$a2004-2005.
=500  \\$a"For the 52 weeks ended 24 Jan. 2004" - 2004 issue.
=610  20$aUnited Co-operatives (Great Britain)$vPeriodicals.
=780  00$aUnited Norwest Co-operatives (Great Britain.$sAnnual report and financial statements
=785  00$aUnited Co-operatives (Great Britain)$sAnnual report (United Co-operatives (Great Britain))
=852  11$aBritish Library$bSTI$cBIPC$kBIPC Trade Literature Collection$3Year 2004-2005
=CAT  \\$a8483$b40$c20060215$lBLL01$h1441
=CAT  \\$a8483$b40$c20060216$lBLL01$h1127
=CAT  \\$a8483$b40$c20060216$lBLL01$h1128
=CAT  \\$a12179$b40$c20060411$lBLL01$h1258
=CAT  \\$a12179$b40$c20060411$lBLL01$h1539
=CAT  \\$a12179$b40$c20060412$lBLL01$h0915
=CAT  \\$a12179$b40$c20060412$lBLL01$h0918
=CAT  \\$a8323$b40$c20060724$lBLL01$h1422
=CAT  \\$a8323$b40$c20060809$lBLL01$h1127
=FIN  \\$aY$d20060215
=LKR  \\$aPAR$b008571296$lBLL01$r78000$mAnnual report and financial statments /$nANNUAL REPORT & FINANCIAL STATEMENTS - UNITED NORWEST CO-OPERATIVES LTD
=TCO  \\$aCLA$bCLA$c008
=LAS  \\$a8323$b40$c20060809$lBLL01$h1127

