=LDR  01148 am a2200349 a 4500
=001  013407225
=003  Uk
=005  20080625140822.0
=008  950622s2005\\\\th\\\\\\\d\\\\000\0\thao\
=FMT  \\$a  BK
=020  \\$a9741316224
=040  \\$aUk$beng$cUk
=041  0\$atha$akhm
=042  \\$aukblsr
=082  04$a495.91395932$220
=100  0\$aKānčhanā Nāksakun.
=245  10$aPhotčhanānukrom Thai-Khamēn /$crūaprūam dōi Kānčhanā Nāksakun.
=260  \\$aKrungthēp [Bangkok] :$bČhulālongkǭn Mahāwithayālai,$c2548 [i.e. 2005]
=300  \\$a32, 1155 p. ;$c22 cm.
=336  \\$atext$2rdacontent
=337  \\$aunmediated$2rdamedia
=338  \\$avolume$2rdacarrier
=546  \\$aIn Thai and Khmer.
=650  \0$aThai language$vDictionaries$xKhmer.
=852  11$aBritish Library$bOC$cSPHOA$kOIJ495.913
=CAT  \\$a11522$b40$c20060220$lBLL01$h1609
=CAT  \\$a11522$b40$c20060220$lBLL01$h1610
=CAT  \\$a12282$b40$c20080416$lBLL01$h1058
=CAT  \\$a1722$b40$c20080430$lBLL01$h1751
=CAT  \\$a4039$b40$c20080625$lBLL01$h1408
=FIN  \\$aY$d20080416
=LAS  \\$a4039$b40$c20080625$lBLL01$h1408

