=LDR  01459 am a22003977a 4500
=001  013414029
=003  Uk
=005  20060816100130.0
=008  060228s2005\\\\ne\abc\\\b\\\\001\0\dut\\
=FMT  \\$a  BK
=020  \\$a9072380827 (pbk.)
=040  \\$aUk$beng$cUk
=100  1\$aGeurts, A. J.
=245  10$aUrk :$bde geschiedenis van een eiland /$cdoor A.J. Geurts.
=260  \\$aLelystad :$bNieuw Land Erfgoedcentrum ;$a[Lelystad] :$bTwaalfde Provincie,$cc2005.
=300  \\$a408 p. :$bill., maps, ports. ;$c20 cm.
=336  \\$atext$2rdacontent
=337  \\$aunmediated$2rdamedia
=338  \\$avolume$2rdacarrier
=490  1\$aPublicaties van Nieuw Land Erfgoedcentrum ;$vd. 77
=504  \\$aIncludes bibliographical references and indexes.
=651  \0$aUrk (Netherlands)$xHistory.
=710  2\$aNieuw Land Erfgoedcentrum.
=830  \0$aPublicaties van Nieuw Land Erfgoedcentrum ;$vd. 77.
=852  41$aBritish Library$bHMNTS$kWP.1966/77
=985  \\$aCorrected by BSS-generated file
=CAT  \\$a12181$b40$c20060228$lBLL01$h1458
=CAT  \\$a12181$b40$c20060228$lBLL01$h1500
=CAT  \\$a12181$b40$c20060228$lBLL01$h1502
=CAT  \\$a12181$b40$c20060816$lBLL01$h1001
=CAT  \\$aBLSS-CORR$b00$c20080705$lBLL01$h2205
=CAT  \\$aBATCH$b00$c20091217$lBLL01$h0414
=CAT  \\$aBATCH$b00$c20100103$lBLL01$h1208
=CAT  \\$aBATCH-UPD$b00$c20130527$lBLL01$h2042
=FIN  \\$aY$d20060228
=LAS  \\$aBATCH-UPD$b00$c20130527$lBLL01$h2042

