=LDR  01910pam a2200493 a 4500
=001  013415676
=003  Uk
=005  20060407115206.0
=008  060223s2006\\\\ne\\\\\\\b\\\\001\0\eng\\
=FMT  \\$a  BK
=015  \\$aGBA628432$2bnb
=016  7\$a013415676$2Uk
=020  \\$a9004149104 (hbk.) :$cNo price
=040  \\$aStDuBDS
=082  04$a296.495$222
=100  1\$aBrutti, Maria.
=245  14$aThe development of the high priesthood during the pre-Hasmonean period :$bhistory, ideology, theology /$cMaria Brutti.
=260  \\$aLeiden :$bBrill ;$aBiggleswade :$bExtenza Turpin [distributor],$c2006.
=300  \\$axvii, 342 p. ;$c25 cm.
=336  \\$atext$2rdacontent
=337  \\$aunmediated$2rdamedia
=338  \\$avolume$2rdacarrier
=490  1\$aSupplements to the Journal for the study of Judaism ;$vv. 108
=504  \\$aIncludes bibliographical references, index of authors, index of ancient sources.
=600  10$aJosephus, Flavius.$tAntiquitates Judaicae.
=630  00$aBible.$pApocrypha.$pMaccabees$xHistory of Biblical events.
=650  \0$aJewish high priests$xHistory.
=650  \0$aJews$xHistory$y586 B.C.-70 A.D.
=830  \0$aSupplements to the Journal for the study of Judaism ;$vv. 108.
=852  41$aBritish Library$bOC$m01902.g.5/108
=985  \\$aRecord amended for WR# 13/070
=CAT  \\$aBATCH-CIP$b00$c20060228$lBLL01$h1704
=CAT  \\$c20060228$lBLL01$h1707
=CAT  \\$c20060228$lBLL01$h1727
=CAT  \\$a9268$b40$c20060327$lBLL01$h1028
=CAT  \\$a1722$b40$c20060407$lBLL01$h1152
=CAT  \\$aBATCH$b00$c20091217$lBLL01$h0414
=CAT  \\$aBATCH$b00$c20100103$lBLL01$h1209
=CAT  \\$aBATCH-UPD$b00$c20100310$lBLL01$h0501
=CAT  \\$aWR13_070$b00$c20130504$lBLL01$h0243
=CAT  \\$aBATCH-UPD$b00$c20130506$lBLL01$h0203
=CAT  \\$aWR16_021$c20160613$lBLL01$h1812
=FIN  \\$aY$d20060407
=LAS  \\$aWR16_021$b00$c20160613$lBLL01$h1812

