=LDR  01755 as a22004457a 4500
=001  013421574
=003  Uk
=005  20100714124655.0
=007  ta
=008  060308d2004200uenkbr\p\\\\\\\0\\\a0eng\\
=FMT  \\$a  SE
=040  \\$aUk$beng$cUk$dUk
=082  04$a332.1$222
=110  2\$aNational Australia Group UK
=240  10$aPeople (Leeds, England : 2004)
=245  00$aPeople :$bthe magazine for people of the National Australia Group UK.
=260  \\$aLeeds :$bNAG UK Internal Communications Team.
=300  \\$av. :$bill. (some col.), ports (some col.) ;$c32 cm.
=310  \\$aBimonthly
=336  \\$atext$2rdacontent
=337  \\$aunmediated$2rdamedia
=338  \\$avolume$2rdacarrier
=362  1\$aBegan in 2004;ceased in 2006?
=500  \\$aDescription based on: Issue 5 (Aug. 2005)
=610  20$aNational Australia Group UK$vPeriodicals.
=610  20$aNational Australia Group UK$xEmployees$vPeriodicals.
=690  7\$aManagement and Business Studies$2blcoll
=780  00$tPeople (Yorkshire Bank edition)
=852  11$aBritish Library$bSTI$cBIPC$kBIPC Trade Literature Collection$3Issue 5 (2005)-issue 12 (2006)
=CAT  \\$a8483$b40$c20060308$lBLL01$h1211
=CAT  \\$a5100$b40$c20060424$lBLL01$h0742
=CAT  \\$a8323$b40$c20061211$lBLL01$h0920
=CAT  \\$aBATCH$b00$c20090624$lBLL01$h1711
=CAT  \\$a7792$b40$c20100714$lBLL01$h1246
=CAT  \\$aBATCH690$c20100715$lBLL01$h2103
=CAT  \\$aBATCH-MBS$c20100716$lBLL01$h2048
=FIN  \\$aY$d20060308
=LKR  \\$aPAR$b013204640$lBLL01$r78000$mPeople : the magazine for people of the National Australia Group UK.$nPeople : the bi-monthly newsletter for the people of Yorkshire Bank.
=TCO  \\$aCLA$bCLA$c008
=LAS  \\$aBATCH-MBS$b00$c20100716$lBLL01$h2048

