=LDR  01682 cm a2200457 a 4500
=001  013422035
=003  Uk
=005  20080303162505.0
=008  050927s2001\\\\enkzzae\\hi\\\\n\\\\zxx\d
=FMT  \\$a  MU
=016  \\$a013422035
=028  32$aMM0466$bMaecenas Music
=028  32$aEP 71213b$bPeters Edition
=035  \\$a(OCoLC)ocm61719348$z(OCoLC)61719348
=040  \\$aUIU$cUIU$dUk
=082  04$a785.44194186$222
=100  1\$aLeFanu, Nicola.
=245  12$aA little concerto :$bfor clarinet and string trio /$cNicola LeFanu.
=260  \\$aKenley, Surrey :$bMaecenas Music,$cc2001.
=300  \\$a1 score (18 p.) ;$c30 cm. +$a4 parts ;$c30-37 cm.
=336  \\$anotated music$2rdacontent
=337  \\$aunmediated$2rdamedia
=338  \\$avolume$2rdacarrier
=500  \\$aFor clarinet, violin, viola, and cello.
=500  \\$aIntroductory note and suggested clarinet fingering for quarter tones by the composer on t.p. verso.
=500  \\$aClarinet part includes cueline.
=500  \\$aDuration: ca. 15:00.
=500  \\$aPublisher numbers from publishers' websites.
=650  \0$aQuartets (Clarinet, violin, viola, cello)$vScores and parts.
=852  41$aBritish Library$bDSC$cMUSIC
=985  \\$aRecord amended for WR# 13/070
=CAT  \\$a6923$b40$c20060309$lBLL01$h0858
=CAT  \\$a6923$b40$c20060309$lBLL01$h0908
=CAT  \\$aglobal_upd$b40$c20060416$lBLL01$h1547
=CAT  \\$a8870$b40$c20080303$lBLL01$h1625
=CAT  \\$aWR13_070$b00$c20130504$lBLL01$h0244
=CAT  \\$aWR16_021$c20160613$lBLL01$h1813
=CAT  \\$aBATCH-016$c20160905$lBLL01$h1709
=FIN  \\$aY$d20080303
=SID  \\$aZ39$bOXFORD
=LAS  \\$aBATCH-016$b00$c20160905$lBLL01$h1709

