=LDR  01990 cm a2200361 a 4500
=001  013430163
=003  Uk
=005  20060420105428.0
=008  020709s2002\\\\wiu||a\|\||||||n\\|\eng\d
=FMT  \\$a  MU
=020  \\$a0634033875
=028  32$aHL00313184$bHal Leonard
=040  \\$aIMF$beng$cIMF$dOCLCQ$dBAKER$dUk
=050  \4$aM1505.A1$bD5733 2002
=082  04$a783.2421542$bD631A$222
=245  00$aDisney's Princess collection, complete :$bpiano, vocal, guitar.
=260  \\$a[S.l.] :$bWalt Disney Music Co. ;$aMilwaukee, Wis. :$bHal Leonard,$c[2002?]
=300  \\$a148 p. :$bill. ;$c31 cm.
=336  \\$anotated music$2rdacontent
=337  \\$aunmediated$2rdamedia
=338  \\$avolume$2rdacarrier
=500  \\$aFor voice and piano with chord symbols and guitar chord diagrams.
=505  0\$aBeauty and the beast. Belle. Something there -- The lion king. Can you feel the love tonight -- Pocahontas. Colors of the wind. Just around the riverbend -- Cinderella. A dream is a wish your heart makes. So this is love -- Sleeping Beauty. Hail to the Princess Aurora/Sleeping Beauty. Once upon a dream. I wonder -- The return of Jafar. Forget about love -- Beauty and the beast, the Broadway musical. Home. If I can't love her -- Hercules. I won't say -- The little mermaid. Kiss the girl. Part of your world -- Snow White and the seven dwarfs. I'm wishing/One song. Some day my prince will come. With a smile and a song -- Robin Hood. Love -- Mulan. Reflection -- Aladdin and the king of thieves. Out of thin air. A whole new world -- Songs from the sea. There's only one Ariel.
=650  \0$aMotion picture music$vExcerpts, Arranged.
=650  \0$aPopular music.
=710  2\$aWalt Disney Company.
=852  41$aBritish Library$bDSC$cMUSIC
=CAT  \\$a8870$b40$c20060320$lBLL01$h1446
=CAT  \\$a8870$b40$c20060420$lBLL01$h1054
=CAT  \\$aBATCH-UPD$b40$c20151206$lBLL01$h2051
=FIN  \\$aY$d20060420
=SID  \\$aZ39$bOCLC
=LAS  \\$aBATCH-UPD$b40$c20151206$lBLL01$h2051

