=LDR  01497 as a22004217a 4500
=001  013430476
=003  Uk
=005  20170309095619.0
=007  ta
=008  060321d20002006lu\ar\p\\\\\\\0\\\a0eng\\
=FMT  \\$a  SE
=040  \\$aUk$beng$cUk$dUk
=110  2\$aArtemis Fine Arts (Firm)
=245  10$aAnnual report ... /$cArtemis Fine Arts S.A.
=246  13$aConsolidated audited annual report
=260  \\$aLuxembourg :$bArtemis Fine Arts S.A.,$c2001-
=300  \\$av. ;$c27 cm.
=336  \\$atext$2rdacontent
=337  \\$aunmediated$2rdamedia
=338  \\$avolume$2rdacarrier
=362  0\$a2000/2001-
=500  \\$aCover title.
=500  \\$aLatest issue consulted: 2004/2005.
=610  20$aArtemis Fine Arts (Firm)$vPeriodicals.
=610  20$aArtemis Fine Arts (Firm)$xFinance$vPeriodicals.
=780  00$aArtemis, S.A.$tArtemis
=785  00$aAardvark Investments S.A.$t[Annual reports, financial reports, etc.]
=852  11$aBritish Library$bSTI$cBIPC$kBIPC Trade Literature Collection$32004/2005-2005/2006
=CAT  \\$a6537$b40$c20060321$lBLL01$h0840
=CAT  \\$a6537$b40$c20060321$lBLL01$h0906
=CAT  \\$a10743$b40$c20060410$lBLL01$h1428
=CAT  \\$a5110$b40$c20170110$lBLL01$h1355
=CAT  \\$a8871$b40$c20170309$lBLL01$h0946
=CAT  \\$a8871$b40$c20170309$lBLL01$h0956
=FIN  \\$aY$d20060321
=LKR  \\$aPAR$b007202846$lBLL01$r78000$mAnnual report ...$nArtemis ... : consolidated report
=TCO  \\$aXXX$c008
=LAS  \\$a8871$b40$c20170309$lBLL01$h0956

