=LDR  01215 as a22003377a 4500
=001  013433244
=003  Uk
=005  20060405125738.0
=007  ta
=008  060322c200u9999enkuu\p\\\\\\\0\\\a0eng\\
=FMT  \\$a  SE
=040  \\$aUk$beng$cUk
=245  00$aAccelerate :$bpartnering for success /$cPromethean AV Distribution.
=260  \\$aBlackburn :$bPromethean AV Distribution
=300  \\$av. :$bcol. ill., col. ports. ;$c27 cm.
=336  \\$atext$2rdacontent
=337  \\$aunmediated$2rdamedia
=338  \\$avolume$2rdacarrier
=500  \\$aDescription based on: Issue 4 (autumn 05)
=610  20$aPromethean AV Distribution$vPeriodicals.
=650  \0$aEducational technology$vPeriodicals.
=650  \0$aEducation$xAudio-visual aids$vPeriodicals.
=650  \0$aTraining$xAudio-visual aids$vPeriodicals.
=710  2\$aPromethean AV Distribution.
=852  11$aBritish Library$bSTI$cBIPC$kBIPC Trade Literature Collection$3Issue 1 (2004); Issue 4 (2005); Issue 6 (2006)
=CAT  \\$a8128$b40$c20060322$lBLL01$h1632
=CAT  \\$a8128$b40$c20060324$lBLL01$h1627
=CAT  \\$a10743$b40$c20060405$lBLL01$h1257
=FIN  \\$aY$d20060322
=TCO  \\$aCLA$bCLA$c008
=LAS  \\$a10743$b40$c20060405$lBLL01$h1257

