=LDR  02266pam a2200577 a 4500
=001  013437148
=003  Uk
=005  20061003113837.0
=008  060320m200u2006enka\\\\\b\\\\001\0\eng\\
=FMT  \\$a  BK
=015  \\$aGBA636263$2bnb
=016  7\$a013437148$2Uk
=020  \\$a0727731610 (Pt. 2) :$c£50.00
=035  \\$a(IeDuTC)IeDuTCb14380950
=040  \\$aStDuBDS$dUk
=082  04$a624.202184$222
=100  1\$aHendy, C. R.$q(Chris R.)
=245  10$aDesigners' guide to EN 1994-2 :$bEurocode 4: design of steel and composite structures /$cC.R. Hendy and R.P. Johnson.
=260  \\$aLondon :$bThomas Telford,$c-2006.
=300  \\$ax, 206 p. :$bill. ;$c31 cm.
=336  \\$atext$2rdacontent
=337  \\$aunmediated$2rdamedia
=338  \\$avolume$2rdacarrier
=490  1\$aDesigner's guides to the eurocodes
=504  \\$aIncludes bibliographical references and index.
=500  \\$aFormerly CIP.$5Uk
=505  0\$aPt. 1.1. General rules and rules for buildings -- Pt. 1.2. Structural fire design - Pt. 2. General rules and rules for bridges.
=650  \0$aBridges$xDesign and construction$xStandards$vHandbooks, manuals, etc.
=650  \0$aBridges, Iron and steel$xDesign and construction.
=650  \0$aBridges, Concrete$xDesign and construction.
=700  1\$aJohnson, R. P.$q(Roger Paul).
=830  \0$aDesigners' guides to the eurocodes.
=852  11$aBritish Library$bHMNTS$k(B)$h624.202184$iPt. 2
=985  \\$aLDL record matched & merged
=CAT  \\$aBATCH-CIP$b00$c20060328$lBLL01$h1702
=CAT  \\$c20060328$lBLL01$h1706
=CAT  \\$c20060328$lBLL01$h1733
=CAT  \\$a8178$b40$c20060830$lBLL01$h1212
=CAT  \\$a8178$b40$c20060830$lBLL01$h1213
=CAT  \\$aBATCH-LDL$b00$c20060926$lBLL01$h0036
=CAT  \\$aBATCH$b00$c20060926$lBLL01$h0037
=CAT  \\$aBATCH-LDL$b00$c20060926$lBLL01$h0037
=CAT  \\$a11070$b40$c20060929$lBLL01$h1056
=CAT  \\$a10743$b40$c20061003$lBLL01$h1138
=CAT  \\$aBATCH$b00$c20091217$lBLL01$h0417
=CAT  \\$aBATCH$b00$c20100103$lBLL01$h1211
=CAT  \\$aBATCH-UPD$b00$c20120620$lBLL01$h1541
=CAT  \\$aWR16_021$c20160614$lBLL01$h1804
=CAT  \\$aBATCH-UPD$b00$c20180407$lBLL01$h1823
=FIN  \\$aY$d20060929
=LAS  \\$aBATCH-UPD$b00$c20180407$lBLL01$h1823

