=LDR  01608 as a22003857a 4500
=001  013438776
=003  Uk
=005  20070222143024.0
=007  ta
=008  060329d20052005nikar\p\\\\\\\0\\\a0eng\\
=FMT  \\$a  SE
=040  \\$aUk$beng$cUk
=046  \\$at$c2006$e9999
=110  2\$aIlex Urban Regeneration Company.
=245  10$aIlex Urban Regeneration Company Limited (ILEX URC) annual report and accounts.
=246  13$aAnnual report and accounts (Ilex Urban Regeneration Company)
=260  \\$a[Belfast] :$bIlex Urban Regeneration Company,$c2006.
=300  \\$av. ;$c30 cm.
=336  \\$atext$2rdacontent
=337  \\$aunmediated$2rdamedia
=338  \\$avolume$2rdacarrier
=362  0\$a2005.
=610  20$aIlex Urban Regeneration Company$vPeriodicals.
=780  00$aIlex Urban Regeneration Company$sAnnual report and financial accounts (Ilex Urban Reneration Company)
=785  00$aIlex Urban Regeneration Company.$sAnnual report and financial accounts (Ilex Urban Regeneration Company : 2006)
=852  11$aBritish Library$bSTI$cBIPC$kBIPC Trade Literature Collection$32004/2005
=CAT  \\$a11439$b40$c20060329$lBLL01$h1122
=CAT  \\$a11439$b40$c20060329$lBLL01$h1123
=CAT  \\$a8483$b40$c20070222$lBLL01$h1429
=CAT  \\$a8483$b40$c20070222$lBLL01$h1430
=CAT  \\$aBATCH-UPD$b40$c20170114$lBLL01$h0713
=FIN  \\$aY$d20060329
=LKR  \\$aPAR$b013327524$lBLL01$r78000$mIlex Urban Regeneration Company Limited (ILEX URC) annual report and accounts.$nAnnual report and financial accounts ... /
=TCO  \\$aCLA$bCLA$c008
=LAS  \\$aBATCH-UPD$b40$c20170114$lBLL01$h0713

