=LDR  01716aam a2200469 a 4500
=001  013448313
=003  Uk
=005  20061102230504.0
=008  050906s2006\\\\fluab\\\\b\\\s001\0\eng\\
=FMT  \\$a  BK
=010  \\$a  2005052971
=015  \\$aGBA641070$2bnb
=016  7\$a013448313$2Uk
=020  \\$a0813029112 (pbk.) :$c£21.95
=040  \\$aStDuBDS$beng$cStDuBDS$dUk
=042  \\$aukblsr
=043  \\$an-cnm--$anl-----
=050  00$aQK495.O64$bB7383 2006
=082  00$a584.409715$222
=100  10$aBrown, Paul Martin.
=245  10$aWild orchids of the Canadian Maritimes and Northern Great Lakes Region /$cPaul Martin Brown ; with drawings by Stan Folsom.
=260  \\$aGainesville, Fla. :$bUniversity Press of Florida ;$aLondon :$bEurospan [distributor],$c2006.
=300  \\$axv, 313 p. :$bill. (chiefly col.), maps ;$c24 cm.
=336  \\$atext$2rdacontent
=337  \\$aunmediated$2rdamedia
=338  \\$avolume$2rdacarrier
=500  \\$aFormerly CIP.$5Uk
=504  \\$aIncludes bibliographical references (p. 291-295) and indexes.
=650  \0$aOrchids$zMaritime Provinces$xIdentification.
=650  \0$aOrchids$zGreat Lakes Region (North America)$xIdentification.
=852  11$aBritish Library$bSTI$k(B)584.409715
=BUF  \\$aN$d20060928
=CAT  \\$aBATCH-CIP$b00$c20060411$lBLL01$h1702
=CAT  \\$c20060411$lBLL01$h1704
=CAT  \\$c20060411$lBLL01$h1718
=CAT  \\$a12323$b40$c20060928$lBLL01$h1456
=CAT  \\$a8178$b40$c20061031$lBLL01$h1400
=CAT  \\$aBATCH-BUOC$b00$c20061102$lBLL01$h2305
=CAT  \\$aWR16_021$c20160614$lBLL01$h1806
=CAT  \\$aBATCH-UPD$b00$c20160614$lBLL01$h1839
=FIN  \\$aY$d20060928
=LAS  \\$aBATCH-UPD$b00$c20160614$lBLL01$h1839

