=LDR  01425 am a2200361 a 4500
=001  013449832
=003  Uk
=005  20060418101614.0
=008  060223s2003\\\\ru\\\\\\\d\\\\000\0\rus\d
=FMT  \\$a  BK
=020  \\$a5933830208
=040  \\$aZCU$brus$cZCU$dUk
=100  1\$aMi︠u︡ller, V. K.$q(Vladimir Karlovich),$d1880-1941.
=245  10$aNovyĭ russko-angliĭskiĭ slovarʹ :$bokolo 170 000 slov i slovosochetaniĭ /$csostavitelʹ V.K. Mi︠u︡ller ; [spet︠s︡ialʹnye redaktory Galanternik M.I︠A︡., Kotvit︠s︡kai︠a︡ Ė.S.].
=246  3\$aNew Russian-English dictionary
=260  \\$aMoskva :$bIzd-vo Alʹta-Press,$c2003.
=300  \\$a637 p ;$c27 cm.
=336  \\$atext$2rdacontent
=337  \\$aunmediated$2rdamedia
=338  \\$avolume$2rdacarrier
=500  \\$aAdded t.p. title: New Russian-English dictionary.
=650  \0$aRussian language$vDictionaries$xEnglish.
=700  1\$aGalanternik, M. I︠A︡.
=700  1\$aKotvit︠s︡kai︠a︡, Ė. S.
=852  41$aBritish Library$bHMNTS$cSPHOA$kHUD$mRUS
=CAT  \\$a11937$b40$c20060418$lBLL01$h1016
=CAT  \\$aBATCH-UPD$b40$c20070901$lBLL01$h1859
=CAT  \\$aBATCH-UPD$b40$c20080912$lBLL01$h0001
=CAT  \\$aBATCH-UPD$b40$c20081018$lBLL01$h1728
=CAT  \\$aBATCH-UPD$b40$c20130114$lBLL01$h2042
=CAT  \\$aBATCH-UPD$b40$c20150711$lBLL01$h1819
=FIN  \\$aY$d20060418
=LAS  \\$aBATCH-UPD$b40$c20150711$lBLL01$h1819

