=LDR  01694 am a2200361 a 4500
=001  013449840
=003  Uk
=005  20060418102901.0
=008  060410s2005\\\\ru\\\\\\\d\\\\000\0\rus\d
=FMT  \\$a  BK
=020  \\$a5790525334 (hbk)
=020  \\$a5956400099 (T︠S︡itadelʹ-treĭd)
=040  \\$aIeDuTC$beng$cIeDuTC$dUk
=100  1\$aMi︠u︡ller, V. K.$q(Vladimir Karlovich),$d1880-1941.
=245  10$aBolʹshoĭ anglo-russkiĭ slovarʹ :$b180 000 slov, slovosochetaniĭ, idiomaticheskikh vyrazheniĭ, poslovit︠s︡ i pogovorok = Complete English-Russian dictionary ; 180 000 words, word combinations, idioms, proverbs and sayings /$cV. Mi︠u︡ller ; [spet︠s︡ialʹnyĭ nauchnyĭ redaktor A.A.Frolov].
=246  3\$aComplete English-Russian dictionary : 180 000 words, word combinations, idioms, proverbs and sayings
=250  \\$aV novoĭm redakt︠s︡ii (new edition)
=260  \\$aMoskva :$bRipol Klassik,$bT︠S︡itadelʹ-treĭd,$c2005.
=300  \\$a831 p ;$c27 cm.
=336  \\$atext$2rdacontent
=337  \\$aunmediated$2rdamedia
=338  \\$avolume$2rdacarrier
=500  \\$aComplete English-Russian dictionary :180 000 words, word combinations, idioms, proverbs and sayings.
=650  \0$aEnglish language$vDictionaries$xRussian.
=700  1\$aFrolov, A. A.$gjournalist
=852  11$aBritish Library$bHMNTS$cSPHOA$kHUD$mRUS
=CAT  \\$a11937$b40$c20060418$lBLL01$h1029
=CAT  \\$aBATCH-UPD$b40$c20070901$lBLL01$h1859
=CAT  \\$aBATCH-UPD$b40$c20081018$lBLL01$h1728
=CAT  \\$aBATCH-UPD$b40$c20110202$lBLL01$h2013
=CAT  \\$aBATCH-UPD$b40$c20150711$lBLL01$h1819
=FIN  \\$aY$d20060418
=LAS  \\$aBATCH-UPD$b40$c20150711$lBLL01$h1819

