=LDR  01625 am a2200421 a 4500
=001  013451386
=003  Uk
=005  20060505130119.0
=008  060420s2006\\\\stkab\\\\b\\\\100\0\eng\\
=FMT  \\$a  BK
=015  \\$aGBA645366$2bnb
=016  7\$a013451386$2Uk
=020  \\$a9780955280900 (spiral) :$cNo price
=020  \\$a0955280907 (spiral) :$cNo price
=040  \\$aUk$beng$cUk
=042  \\$aukblsr
=082  04$a577.58309411$222
=245  00$aSand dune machair 4 :$bbased on a number of papers presented at the Littoral 2004 conference in Aberdeen /$cedited & compiled by S. Angus & W. Ritchie.
=260  \\$aAberdeen :$bAberdeen Institute for Coastal Science & Management, University of Aberdeen,$c2006.
=300  \\$a73 p. :$bill. (some col.), maps (some col.) ;$c30 cm.
=336  \\$atext$2rdacontent
=337  \\$aunmediated$2rdamedia
=338  \\$avolume$2rdacarrier
=504  \\$aIncludes bibliographical references.
=650  \0$aSand dune ecology$zScotland$vCongresses.
=650  \0$aPasture ecology$zScotland$vCongresses.
=700  1\$aAngus, Stewart.
=700  1\$aRitchie, William,$d1940-
=710  2\$aUniversity of Aberdeen.$bAberdeen Institute for Coastal Science & Management.
=852  11$aBritish Library$bSTI$k577.58309411
=CAT  \\$a10876$b40$c20060420$lBLL01$h0946
=CAT  \\$a6916$b40$c20060504$lBLL01$h1230
=CAT  \\$a10743$b40$c20060505$lBLL01$h1301
=CAT  \\$aUE-01$b00$c20060505$lBLL01$h1301
=CAT  \\$aWR16_021$c20160614$lBLL01$h1807
=CAT  \\$aBATCH-UPD$b00$c20160614$lBLL01$h1841
=FIN  \\$aY$d20060504
=LAS  \\$aBATCH-UPD$b00$c20160614$lBLL01$h1841

