=LDR  01447 am a22004093a 4500
=001  013456329
=003  Uk
=005  20061101082101.0
=006  m\\\\|\\\d\|\\\\\\
=007  co\|g|||||||||
=008  060426s2003\\\\ne\\\\\\\\\\\\100\0\eng\\
=FMT  \\$a  BK
=020  \\$a9073781310 (CD-ROM)
=040  \\$aUk$beng$cUk
=CNF  \\$aNorth African/Mediterranean petroleum and geoscieces conference and exhibition$n(1st :$d(2003 Oct :$cTunis)
=245  00$a1st North Africa/Mediterranean petroleum & geosciences conference and exhibition$h[electronic resource] :$bTunis 2003.
=260  \\$aHouten NL :$bEAGE Publications BV,$c2003.
=300  \\$a1 CD-ROM ;$c4 3/4 in.
=336  \\$atext$2rdacontent
=337  \\$acomputer$2rdamedia
=338  \\$acomputer disc$2rdacarrier
=591  \\$aExtended abstracts and exibitors' catalogue. Held on CD-ROM.
=500  \\$aTitle from title screen.
=516  \\$aPDF format.
=538  \\$aSystem requirements: IBM compatable PC; Adobe Acrobat Reader.
=595  \\$aShelved in Conference Index.
=653  1\$aNorth Africa
=653  1\$aMediterranean
=653  1\$aPetroleum
=653  1\$aGeosciences
=653  2\$aEAGE
=710  2\$aEuropean Association of Geoscientists and Engineers.
=852  41$aBritish Library$bDSC$hVm06/.50732
=CAT  \\$a4861$b40$c20060426$lBLL01$h1200
=CAT  \\$a5883$b40$c20061101$lBLL01$h0821
=FIN  \\$aY$d20061101
=LAS  \\$a5883$b40$c20061101$lBLL01$h0821

