=LDR  01158 cm a2200325 a 4500
=001  013457514
=003  Uk
=005  20060522111839.0
=008  060427r20011988fr\||a\|\||||||n\\|\\\\\\
=FMT  \\$a  MU
=028  22$a24 893 H.L.$bHenry Lemoine
=040  \\$aUk$beng$cUk
=082  04$a785.441920981$222
=100  1\$aMachado, Celso,$d1953-
=245  10$aMusiques populaires brésiliennes :$bpour flûte et guitare /$cCelso Machado.
=260  \\$aParis :$bHenry Lemoine,$c[2001]
=300  \\$a1 score (15 p.) ;$c31 cm.
=336  \\$anotated music$2rdacontent
=337  \\$aunmediated$2rdamedia
=338  \\$avolume$2rdacarrier
=500  \\$aOriginally published: 1988.
=505  0\$aPaçoca (Choro) -- Quebra queixo (Choro) -- Piazza Vittorio (Choro maxixe) -- Algodão doce (Samba) -- Sambossa (Bossa nova) -- Pé de moleque (Samba choro).
=650  \0$aDance music$zBrazil.
=650  \0$aFlute and guitar music$vScores.
=852  41$aBritish Library$bDSC$cMUSIC
=CAT  \\$a8870$b40$c20060427$lBLL01$h1522
=CAT  \\$a8870$b40$c20060522$lBLL01$h1118
=FIN  \\$aY$d20060522
=SID  \\$aZ39$bOCLC
=LAS  \\$a8870$b40$c20060522$lBLL01$h1118

