=LDR  01541 am a22004097a 4500
=001  013458272
=003  Uk
=005  20060428162802.0
=008  060213s2006\\\\vaua\\\\\b\\\\001\0\eng\d
=FMT  \\$a  BK
=020  \\$a1563477777
=040  \\$aSCT$cSCT$dBAKER
=245  00$aRecent advances in gossamer spacecraft /$cedited by Christopher H. M. Jenkins.
=260  \\$aReston, VA :$bAmerican Institute of Aeronautics and Astronautics,$cc2006.
=300  \\$axii, 341 p. :$bill. ;$c24 cm.
=336  \\$atext$2rdacontent
=337  \\$aunmediated$2rdamedia
=338  \\$avolume$2rdacarrier
=490  1\$aProgress in astronautics and aeronautics ;$vv. 212
=504  \\$aIncludes bibliographical references and indexes.
=540  \\$aCurrent Copyright Fee: GBP21.00$c0$5Uk
=650  \0$aExpandable space structures.
=650  \0$aStructural analysis (Engineering)
=700  1\$aJenkins, C. H.
=830  \0$aProgress in astronautics and aeronautics ;$vv. 212.
=852  71$aBritish Library$bSTI$k(P)$kUW 00$m-E(11)$2blsrissc
=985  \\$aProvisional record - DSC
=CAT  \\$a8411$b40$c20060428$lBLL01$h1627
=CAT  \\$a8411$b40$c20060428$lBLL01$h1628
=CAT  \\$aBATCH$b00$c20091217$lBLL01$h0419
=CAT  \\$aBATCH$b00$c20100103$lBLL01$h1214
=CAT  \\$aBATCH-CLA$b00$c20130527$lBLL01$h0158
=CAT  \\$aBATCH-UPD$b00$c20140827$lBLL01$h0926
=CFI  0\$aCurrent Copyright Fee: GBP21.00$c0$e01-jul-2012$fGBP21.00$g0$hC$5Uk
=FIN  \\$aY$d20060428
=SID  \\$aZ39$bOCLC
=LAS  \\$aBATCH-UPD$b00$c20140827$lBLL01$h0926

