=LDR  01489aam a2200445 a 4500
=001  013459478
=003  Uk
=005  20060817213445.0
=008  060117s2006\\\\nyuaf\\\\b\\\\001\0\eng\\
=FMT  \\$a  BK
=010  \\$a  2006040382
=015  \\$aGBA644634$2bnb
=016  7\$a013459478$2Uk
=020  \\$a9780849393822 (cased) :$cNo price
=020  \\$a0849393825 (cased) :$c£110.00
=040  \\$aStDuBDS$beng$cStDuBDS$dUk
=042  \\$aukblsr
=050  00$aRC629.3$b.C795 2006
=082  00$a616.3999$222
=245  00$aCrystal-induced arthropathies :$bgout, pseudogout, and apatite-associated syndromes /$cedited by Robert L. Wortmann ... [et al.].
=260  \\$aLondon :$bTaylor & Francis,$c2006.
=300  \\$axv, 427 p., [4] p. of plates :$bill. (some col.) ;$c24 cm.
=336  \\$atext$2rdacontent
=337  \\$aunmediated$2rdamedia
=338  \\$avolume$2rdacarrier
=500  \\$aFormerly CIP.$5Uk
=504  \\$aIncludes bibliographical references and index.
=650  \0$aGout$xEtiology.
=650  \0$aHyperuricemia.
=700  1\$aWortmann, Robert.
=852  11$aBritish Library$bSTI$k616.3999
=BUF  \\$aN$d20060815
=CAT  \\$aBATCH-CIP$b00$c20060502$lBLL01$h1719
=CAT  \\$c20060502$lBLL01$h1721
=CAT  \\$c20060502$lBLL01$h1735
=CAT  \\$a11168$b40$c20060815$lBLL01$h0830
=CAT  \\$aBATCH-BUOC$b00$c20060817$lBLL01$h2134
=CAT  \\$aWR16_021$c20160614$lBLL01$h1808
=FIN  \\$aY$d20060815
=LAS  \\$aWR16_021$b00$c20160614$lBLL01$h1808

