=LDR  01656 am a2200481 a 4500
=001  013461177
=003  Uk
=005  20190319155917.0
=008  060504s2006\\\\enka\\\\\\\\\\000\0\eng\\
=FMT  \\$a  BK
=015  \\$aGBA648567$2bnb
=016  7\$a013461177$2Uk
=020  \\$cNo price (pbk.)
=040  \\$aUk$beng$cUk
=042  \\$aukblsr
=082  04$a338.4738110941$222
=245  00$aUK retail briefing.$phousehold goods focus, March 2006.
=260  \\$aLondon :$bMintel International Group,$c2006.
=300  \\$ax, 121 p. :$bill. ;$c30 cm.
=336  \\$atext$2rdacontent
=337  \\$aunmediated$2rdamedia
=338  \\$avolume$2rdacarrier
=650  \0$aMarket surveys$zGreat Britain.
=650  \0$aHousehold appliances$zGreat Britain.
=650  \0$aFood industry and trade$zGreat Britain.
=650  \0$aHouse furnishings industry and trade$zGreat Britain.
=650  \0$aClothing trade$zGreat Britain.
=690  7\$aManagement and Business Studies$2blcoll
=710  2\$aMintel International Group Ltd.
=852  41$aBritish Library$bSTI$cRES
=CAT  \\$a12327$b40$c20060504$lBLL01$h1309
=CAT  \\$a12327$b40$c20060504$lBLL01$h1311
=CAT  \\$a5751$b40$c20060510$lBLL01$h1549
=CAT  \\$a5751$b40$c20060517$lBLL01$h1355
=CAT  \\$a8874$b40$c20061102$lBLL01$h1142
=CAT  \\$aBATCH$b00$c20090624$lBLL01$h1713
=CAT  \\$aBATCH690$c20100715$lBLL01$h2103
=CAT  \\$aBATCH-MBS$c20100716$lBLL01$h2048
=CAT  \\$aWR16_021$c20160614$lBLL01$h1809
=CAT  \\$a10932$b40$c20190319$lBLL01$h1419
=CAT  \\$a10932$b40$c20190319$lBLL01$h1559
=FIN  \\$aY$d20060517
=LAS  \\$a10932$b40$c20190319$lBLL01$h1559

