=LDR  00576 cm a22002053a 4500
=001  013463132
=003  Uk
=005  20060508164234.0
=008  060508s2005\\\\\\\||\\|\||||||\\\|\\\\\\
=FMT  \\$a  MU
=082  14$a780$215
=245  10$aAlbum of selected popular marches Vol. 1
=260  \\$bCramer
=336  \\$anotated music$2rdacontent
=337  \\$aunmediated$2rdamedia
=338  \\$avolume$2rdacarrier
=852  41$aBritish Library$bDSC$cMUSIC
=CAT  \\$a8870$b40$c20060508$lBLL01$h1642
=CAT  \\$aWR15_100$c20150913$lBLL01$h1616
=LAS  \\$aWR15_100$b00$c20150913$lBLL01$h1616

