=LDR  02277 as a2200529 a 4500
=001  013468512
=003  Uk
=005  20210608100526.0
=007  ta
=008  060515c20009999at\ar\p\\\\\\\0\\\a0eng\\
=FMT  \\$a  SE
=040  \\$aUk$beng$cUk$dUk
=042  \\$aukblsr
=082  04$a332.11099405$222
=110  2\$aNational Australia Bank.
=245  10$aAnnual financial report ...
=260  \\$aMelbourne :$bNational Australia Bank Ltd.
=300  \\$av. ;$c28 cm.
=336  \\$atext$2rdacontent
=337  \\$aunmediated$2rdamedia
=338  \\$avolume$2rdacarrier
=362  1\$aBegan in 2000.
=588  \\$aDescription based on: 2005 issue; title from cover.
=588  \\$aLatest issue consulted: 2006.
=610  20$aNational Australia Bank$xFinance$vPeriodicals.
=650  \0$aBanks and banking$zAustralia$vPeriodicals.
=690  7\$aManagement and Business Studies$2blcoll
=776  08$iAlso issued online as:$aNational Australia Bank.$tAnnual financial report
=780  00$aNational Australia Bank.$tAnnual report$x0812-101X
=787  0\$aNational Australia Bank.$tAnnual review (2010)
=787  0\$aNational Australia Bank.$tAnnual shareholder review$g2008-2009
=787  0\$aNational Australia Bank.$tShareholder review$g2007
=787  0\$iIn 2002-2006 also issued in abridged form as:$aNational Australia Bank.$tConcise annual report (2002)
=787  0\$iIn 2000-2001 also issued in abridged form as:$aNational Australia Bank.$tAnnual review
=852  11$aBritish Library$bSTI$cBIPC$kBIS$32005-2018***Title now taken as electronic copy only
=985  \\$aSwitched to e-deposit 2021 "Due to COVID we are working from home and as we work for a bank we are embargoed from printing documents at home" - bib record not closed as probably will resume in prnt at some point.
=CAT  \\$a6537$b40$c20060515$lBLL01$h1501
=CAT  \\$a8124$b40$c20070619$lBLL01$h0834
=CAT  \\$a8124$b40$c20070619$lBLL01$h1120
=CAT  \\$a8871$b40$c20070626$lBLL01$h1151
=CAT  \\$a8871$b40$c20111025$lBLL01$h1611
=CAT  \\$aBATCH-MBS$c20161028$lBLL01$h2114
=CAT  \\$a3072$b40$c20210608$lBLL01$h1003
=CAT  \\$a3072$b40$c20210608$lBLL01$h1005
=FIN  \\$aY$d20060515
=TCO  \\$aAUS$bCAL$c008
=LAS  \\$a3072$b40$c20210608$lBLL01$h1005

