=LDR  01622 as a2200445 a 4500
=001  013468514
=003  Uk
=005  20111025161526.0
=007  ta
=008  060515d20022006at\ar\p\\\\\\\0\\\a0eng\\
=FMT  \\$a  SE
=040  \\$aUk$beng$cUk$dUk
=042  \\$aukblsr
=082  04$a332.11099405$222
=110  2\$aNational Australia Bank.
=240  10$aConcise annual report (2002)
=245  10$aConcise annual report ...
=260  \\$aMelbourne, Vic. :$bNational Australia Bank Ltd.
=300  \\$av. :$bcol. ill. ;$c28 cm.
=310  \\$aAnnual
=336  \\$atext$2rdacontent
=337  \\$aunmediated$2rdamedia
=338  \\$avolume$2rdacarrier
=362  1\$aBegan in 2002 ; ceased in 2006.
=530  \\$aAlso available online.
=588  \\$aDescription based on: 2005 issue; title from cover.
=650  \0$aBanks and banking$zAustralia$vPeriodicals.
=610  20$aNational Australia Bank$vPeriodicals.
=780  00$aNational Australia Bank.$tAnnual review$g2000-2001
=785  00$aNational Australia Bank.$tShareholder review$g2007
=787  0\$iAlso published in unabridged version:$aNational Australia Bank.$tAnnual financial report
=852  41$aBritish Library$bSTI$cBIPC$kBIPC Trade Literature Collection$32005-2006
=CAT  \\$a6537$b40$c20060515$lBLL01$h1502
=CAT  \\$a8124$b40$c20070619$lBLL01$h1119
=CAT  \\$a8124$b40$c20070620$lBLL01$h1348
=CAT  \\$a8871$b40$c20111025$lBLL01$h1615
=FIN  \\$aY$d20060515
=LKR  \\$aPAR$b013468512$lBLL01$r787$mConcise annual report (2002)$nAnnual financial report
=TCO  \\$aAUS$bCAL$c008
=LAS  \\$a8871$b40$c20111025$lBLL01$h1615

