=LDR  01004 cm a22003257a 4500
=001  013471276
=003  Uk
=005  20060808150748.0
=008  000627s2000\\\\enkmpz\\\\\\\\\n\\\\\\\\d
=FMT  \\$a  MU
=020  \\$a071197957X
=028  32$aCH61688$bChester Music
=040  \\$aUk$beng$cUk
=082  14$a780$215
=245  00$aFilm tunes you've always wanted to play :$bmovie hits for intermediate piano.
=260  \\$aLondon :$bChester Music,$cc2000.
=300  \\$a126 p.;$c31 cm.
=336  \\$anotated music$2rdacontent
=337  \\$aunmediated$2rdamedia
=338  \\$avolume$2rdacarrier
=500  \\$aIncludes chord symbols.
=500  \\$aNo words.
=650  \0$aPiano music, Arranged.
=650  \0$aMotion picture music$vExcerpts, Arranged.
=852  41$aBritish Library$bDSC$cMUSIC
=CAT  \\$a8870$b40$c20060517$lBLL01$h1311
=CAT  \\$a4587$b40$c20060808$lBLL01$h1507
=CAT  \\$aWR15_100$c20150913$lBLL01$h1616
=SID  \\$aZ39$bOXFORD
=LAS  \\$aWR15_100$b00$c20150913$lBLL01$h1616

