=LDR  01460 am a22004454a 4500
=001  013494107
=003  Uk
=005  20060819074942.0
=008  011226s2002\\\\tnu\\\\\\k\\\\001\0\eng\\
=FMT  \\$a  BK
=010  \\$a2001099825
=020  \\$a0939735105 (hard)
=020  \\$a0939735202 (pbk.)
=024  30$a9780939735204
=037  \\$a1106001$bQBI
=040  \\$aDLC$cDLC$dILC$dTKN$dQBX$dBAKER$dNLGGC$dXY4$dUk
=050  00$aML156.4.P6$bG73 2002
=082  00$a016.78242164.0266$221
=084  \\$a24.65$2bcl
=100  1\$aGreen, Jeff
=245  14$aThe Green book of songs by subject :$bthe thematic guide to popular music /$cJeff Green.
=250  \\$a5th ed., expanded & updated.
=260  \\$aNashville, TN :$bProfessional Desk References,$cc2002.
=300  \\$axxi, 1569 p. ;$c25 cm.
=336  \\$atext$2rdacontent
=337  \\$aunmediated$2rdamedia
=338  \\$avolume$2rdacarrier
=500  \\$aIncludes index.
=650  \0$aPopular music$xLiterary themes, motives$vDiscography.
=650  \0$aSongs$xLiterary themes, motives$vDiscography.
=650  17$aLiederen.$2gtt
=650  17$aPopulaire muziek.$2gtt
=650  17$aLiteraire thema's.$2gtt
=852  11$aBritish Library$bHMNTS$cSPHOA$hHUS 789.31242
=CAT  \\$a11375$b40$c20060620$lBLL01$h1204
=CAT  \\$a8440$b40$c20060819$lBLL01$h0747
=CAT  \\$a8440$b40$c20060819$lBLL01$h0749
=FIN  \\$aY$d20060819
=SID  \\$aZ39$bOCLC
=LAS  \\$a8440$b40$c20060819$lBLL01$h0749

