=LDR  02183 am a2200397 a 4500
=001  013498924
=003  Uk
=005  20060627163836.0
=006  m\\\\|\\\d\|\\\\\\
=007  co||||||||||||
=008  060627s2005\\\\enk\\\\\s\\\\\000\0\eng\\
=FMT  \\$a  BK
=015  \\$aGBA657051$2bnb
=020  \\$a1861508190 :$cNo price
=040  \\$aUk$beng$cUk
=042  \\$aukblsr
=082  04$a929.34235$222
=245  00$aDevon 1861 census$h[electronic resource]
=260  \\$a[Salisbury] :$bS & N Genealogy Supplies,$cc2005.
=300  \\$a11 CD-ROMs ;$c4 3/4 in.
=336  \\$atext$2rdacontent
=337  \\$acomputer$2rdamedia
=338  \\$acomputer disc$2rdacarrier
=538  \\$aSystem requirements: IBM compatible PC; Windows 95 or later; Adobe Acrobat Reader.
=538  \\$aSystem requirements: Macintosh; Adobe Acrobat Reader.
=500  \\$aTitle from container.
=516  \\$aPDF format.
=500  \\$aNot available via the DOMs system.
=505  0\$aDisc 1. RG9 / 1370 - 1380, Registration districts: Axminster & Honiton -- disc 2. RG9 / 1381 - 1394, Registration districts: St Thomas & Exeter -- disc 3. RG9 1395 - 1410, Registration districts: Exeter & Newton Abbot -- disc 4. RG9 / 1411 - 1421, Registration districts: Newton Abbot & Totnes -- disc 5. RG9 / 1422 - 1437, Registration districts: Kingsbridge, Plympton St Mary & Plymouth -- disc 6. RG9 / 1438 - 1448, Registration districts: Plymouth, East Stonehouse & Stoke Damerel -- disc 7. RG9 / 1449 - 1461, Registration districts: Stoke Damerel & Tavistock -- disc 8. RG9 / 1462 - 1475, Registration districts: Tavistock, Okehampton & Crediton -- disc 9. RG9 / 1476 - 1485, Registration districts: Tiverton & South Molton -- disc 10. RG9 / 1486 - 1496, Registration districts: South Molton & Barnstaple -- disc 11. RG9 / 1497 - 1511, Registration districts: Torrington, Bideford & Holsworthy + master indexes.
=651  \0$aDevon (England)$vCensus, 1861.
=651  \0$aDevon (England)$vGenealogy.
=852  41$aBritish Library$bHMNTS$zSPR.CD.573
=CAT  \\$a7750$b40$c20060627$lBLL01$h1102
=CAT  \\$a11281$b40$c20060627$lBLL01$h1638
=FIN  \\$aY$d20060627
=LAS  \\$a11281$b40$c20060627$lBLL01$h1638

