=LDR  00646ccm a22002173a 4500
=001  013501202
=003  Uk
=005  20060628135521.0
=008  060628s2005\\\\\\\||\\|\||||||\\\|\\\\\\
=FMT  \\$a  MU
=082  14$a780$215
=100  1\$aAndriessen, Louis,$d1939-2021.
=245  10$aM is for Man, Music, Mozart :$bstudy score
=336  \\$anotated music$2rdacontent
=337  \\$aunmediated$2rdamedia
=338  \\$avolume$2rdacarrier
=852  41$aBritish Library$bDSC$cMUSIC
=CAT  \\$a8870$b40$c20060628$lBLL01$h1355
=CAT  \\$aWR15_100$c20150913$lBLL01$h1616
=CAT  \\$a8870$b40$c20221019$lBLL01$h1141
=LAS  \\$a8870$b40$c20221019$lBLL01$h1141

