=LDR  01266 as a2200397 a 4500
=001  013507157
=003  Uk
=005  20080403083338.0
=007  ta
=008  060711d20062007enk\u\p\\\\\\\0\\\a0eng\\
=FMT  \\$a  SE
=015  \\$aGBA660331$2bnb
=040  \\$aUk$beng$cUk$dUk
=042  \\$aukblsr
=082  04$a004.7705$222
=245  00$aStorit office.
=246  30$aStorit
=246  13$aAll new storit
=246  15$aStorit home
=260  \\$a[London] :$bCMS Peripherals,$c2006-2007.
=300  \\$a8 v. :$bill. (some col.), col. ports. ;$c30 cm.
=336  \\$atext$2rdacontent
=337  \\$aunmediated$2rdamedia
=338  \\$avolume$2rdacarrier
=362  0\$aVol. 1 issue 1 (2006)-v. 2, issue 4 (2007).
=500  \\$aTête-bêche, upside down format.
=650  \0$aComputer peripherals$vPeriodicals.
=650  \0$aComputer input-output equipment$vPeriodicals.
=785  00$tStorit
=852  11$aBritish Library$bSTI$cBIPC$kBIPC Trade Literature Collection$3Volume 1, Issue 1 (2006)-Volume 2, Issue 4 (2007)
=CAT  \\$a11315$b40$c20060711$lBLL01$h1447
=CAT  \\$a8323$b40$c20080403$lBLL01$h0833
=CAT  \\$aWR14_140$c20140905$lBLL01$h1812
=FIN  \\$aY$d20060711
=TCO  \\$aCLA$bCLA$c008
=LAS  \\$aWR14_140$b00$c20140905$lBLL01$h1812

