=LDR  01274 as a22003497a 4500
=001  013513697
=003  Uk
=005  20060720154325.0
=007  ta
=008  060720c20059999enkar\\\\\\\\\0\\\a0eng\\
=FMT  \\$a  SE
=040  \\$aUk$beng$cUk
=110  2\$aArable AG (Firm)
=240  10$aDirectors' report and financial statements (Arable AG Limited)
=245  10$aDirectors' report and financial statements /$cArable AG Limited.
=260  \\$aBristol :$bArable AG,$c2005-
=300  \\$av. ;$c30 cm.
=310  \\$aAnnual
=336  \\$atext$2rdacontent
=337  \\$aunmediated$2rdamedia
=338  \\$avolume$2rdacarrier
=362  0\$a2005-
=500  \\$a"Year ended 30 June ..."
=610  20$aArable AG (Firm)$xFinance$vPeriodicals.
=780  00$tDirectors' report and financial statements- Dalgety Agriculture Ltd
=852  11$aBritish Library$bSTI$cBIPC$kBIPC Trade Literature Collection$3Year ended 20th June 2005
=CAT  \\$a8323$b40$c20060720$lBLL01$h0836
=CAT  \\$a5194$b40$c20060720$lBLL01$h1543
=FIN  \\$aY$d20060720
=LKR  \\$aPAR$b007895342$lBLL01$r78000$mDirectors' report and financial statements /$nDirectors' report and financial statements- Dalgety Agriculture Ltd.
=TCO  \\$aCLA$bCLA$c008
=LAS  \\$a5194$b40$c20060720$lBLL01$h1543

