=LDR  01499 as a2200433 a 4500
=001  013514035
=003  Uk
=005  20160819161454.0
=007  ta
=008  060720d20052007enkar\p\\\\\\\0\\\a0eng\\
=FMT  \\$a  SE
=015  \\$aGBA663620$2bnb
=040  \\$aUk$beng$cUk
=042  \\$aukblsr
=082  04$a354.3609422305$222
=110  2\$aMid Kent Water Limited.
=240  10$aReport and accounts (Mid Kent Water Limited)
=245  10$aReport and accounts ... /$cMid Kent Water.
=260  \\$aSnodland :$bMid Kent Water,$c2005-2007.
=300  \\$av. ;$c30 cm.
=310  \\$aAnnual
=336  \\$atext$2rdacontent
=337  \\$aunmediated$2rdamedia
=338  \\$avolume$2rdacarrier
=362  0\$a2005-
=610  20$aMid Kent Water Limited$vPeriodicals.
=690  7\$aManagement and Business Studies$2blcoll
=780  00$aMid Kent Water Limited.$tAnnual report and accounts
=785  00$aSouth East Water Limited.$tGroup financial statements
=852  11$aBritish Library$bSTI$cBIPC$kBIPC Trade Literature Collection$32005-2007
=CAT  \\$a11315$b40$c20060720$lBLL01$h1107
=CAT  \\$aWR14_140$c20140905$lBLL01$h1812
=CAT  \\$a5110$b40$c20160819$lBLL01$h1612
=CAT  \\$a5110$b40$c20160819$lBLL01$h1614
=CAT  \\$aBATCH-MBS$c20160826$lBLL01$h2057
=FIN  \\$aY$d20060720
=LKR  \\$aPAR$b012474703$lBLL01$r78000$mReport and accounts ... / Mid Kent Water.$nAnnual report and accounts /
=TCO  \\$aCLA$bCLA$c008
=LAS  \\$aBATCH-MBS$b00$c20160826$lBLL01$h2057

