=LDR  02840cam a22006497a 4500
=001  013514737
=003  Uk
=005  20221231212501.0
=008  060623s2006\\\\ne\\\\\\\b\\\\001\0\eng\\
=FMT  \\$a  BK
=020  \\$a9004152733 (cased) :$cNo price
=040  \\$aOHX$cOHX$dBAKER$dUk
=072  \7$aK$2lcco
=245  04$aThe protection of the underwater cultural heritage :$bnational perspectives in light of the UNESCO Convention 2001 /$cedited by Sarah Dromgoole.
=250  \\$a2nd ed.
=260  \\$aLeiden :$bNijhoff,$c2006.
=300  \\$axxxviii, 420 p. ;$c25 cm.
=336  \\$atext$2rdacontent
=337  \\$aunmediated$2rdamedia
=338  \\$avolume$2rdacarrier
=490  1\$aPublications on ocean development ;$vv. 55
=500  \\$aPrevious ed. published as: Legal protection of the underwater cultural heritage. The Hague : Kluwer Law International, 1999.
=504  \\$aIncludes bibliographical references and index.
=540  \\$aCurrent Copyright Fee: GBP25.00$c0$5Uk
=700  1\$aDromgoole, Sarah.$tLegal protection of the underwater cultural heritage.
=830  \0$aPublications on ocean development ;$vv. 55.
=852  41$aBritish Library$bDSC$h7132.900000$iv. 55
=CAT  \\$a8411$b40$c20060721$lBLL01$h1130
=CAT  \\$a10905$b40$c20060728$lBLL01$h1448
=CAT  \\$a10905$b40$c20060728$lBLL01$h1455
=CAT  \\$a10905$b40$c20060728$lBLL01$h1542
=CAT  \\$aBATCH$b00$c20091217$lBLL01$h0426
=CAT  \\$aBATCH$b00$c20100103$lBLL01$h1220
=CAT  \\$aBATCH-UPD$b00$c20120708$lBLL01$h2023
=CAT  \\$aBATCH-CLA$b00$c20140810$lBLL01$h1421
=CAT  \\$aBATCH-UPD$b00$c20160119$lBLL01$h1555
=CAT  \\$aBATCH-CLA$b00$c20161222$lBLL01$h1810
=CAT  \\$aIPL-CLA$c20161230$lBLL01$h2159
=CAT  \\$aBATCH-CLA$b00$c20171222$lBLL01$h2133
=CAT  \\$aIPL-CLA$c20171231$lBLL01$h1656
=CAT  \\$aBATCH-CLA$b00$c20191219$lBLL01$h1736
=CAT  \\$aIPL-CLA$c20191231$lBLL01$h1940
=CAT  \\$aR2001-1524$c20200127$lBLL01$h2018
=CAT  \\$aBATCH-CLA$b00$c20201204$lBLL01$h1539
=CAT  \\$aIPL-CLA$c20201231$lBLL01$h2212
=CAT  \\$aBATCH-CLA$b00$c20221221$lBLL01$h1848
=CAT  \\$aIPL-CLA$c20221231$lBLL01$h2125
=CAT  \\$aW2308-1659$c20230923$lBLL01$h0924
=CFI  0\$aCurrent Copyright Fee: GBP25.00$c0$e01-jan-2023$fGBP25.00$g0$hA$5Uk
=CFI  2\$aPrevious Copyright Fee: GBP22.50$c0$e01-jan-2021$fGBP22.50$g0$hA$5Uk
=FIN  \\$aY$d20060728
=SID  \\$aZ39$bOCLC
=ACF  \\$aPrevious Copyright Fee: GBP12.30$c0$e01-jan-2014$fGBP12.30$g0$hA$5Uk
=ACF  \\$aPrevious Copyright Fee: GBP15.00$c0$e01-jan-2017$fGBP15.00$g0$hA$5Uk
=ACF  \\$aPrevious Copyright Fee: GBP17.50$c0$e01-jan-2018$fGBP17.50$g0$hA$5Uk
=ACF  \\$aPrevious Copyright Fee: GBP20.00$c0$e01-jan-2020$fGBP20.00$g0$hA$5Uk
=LAS  \\$aW2308-1659$b00$c20230923$lBLL01$h0924

