=LDR  01882 as a2200493 a 4500
=001  013515682
=003  Uk
=005  20190124135036.0
=007  ta
=008  060724d20042008enkgr\\\\\\\\\0\\\a0eng\\
=FMT  \\$a  SE
=015  \\$aGBA663878$2bnb
=040  \\$aUk$beng$cUk$dUk
=042  \\$aukblsr
=082  04$a658.408$222
=110  2\$aWaitrose (Firm)
=240  10$aCorporate social responsibility report (Waitrose (Firm))
=245  10$aCorporate social responsibility report ... /$cWaitrose.
=260  \\$aBracknell :$bWaitrose$c2004-2008.
=300  \\$av. :$bcol. ill., col. ports. ;$c30 cm.
=310  \\$aBiennial
=336  \\$atext$2rdacontent
=337  \\$aunmediated$2rdamedia
=338  \\$avolume$2rdacarrier
=362  0\$a2004-2008.
=610  20$aWaitrose (Firm)$vPeriodicals.
=650  \0$aSocial responsibility of business$vPeriodicals.
=690  7\$aManagement and Business Studies$2blcoll
=785  01$aJohn Lewis Partnership.$tCorporate social responsibility report
=787  0\$aJohn Lewis Partnership.$tPartnership corporate social responsibility annual review
=852  11$aBritish Library$bSTI$cBIPC$kBIPC Trade Literature Collection$3(2004)-2008
=CAT  \\$a6537$b40$c20060724$lBLL01$h1506
=CAT  \\$a11315$b40$c20060728$lBLL01$h1132
=CAT  \\$a11315$b40$c20120508$lBLL01$h1141
=CAT  \\$a11315$b40$c20120508$lBLL01$h1142
=CAT  \\$a11315$b40$c20120508$lBLL01$h1150
=CAT  \\$a11315$b40$c20120508$lBLL01$h1158
=CAT  \\$a11315$b40$c20120508$lBLL01$h1204
=CAT  \\$aBATCH-MBS$c20171013$lBLL01$h2112
=CAT  \\$a8871$b40$c20190124$lBLL01$h1350
=FIN  \\$aY$d20060724
=LKR  \\$aPAR$b013519895$lBLL01$r787$mCorporate social responsibility report ... / Waitrose (Firm)$nPartnership corporate social responsibility annual review ...
=TCO  \\$aCLA$bCLA$c008
=LAS  \\$a8871$b40$c20190124$lBLL01$h1350

