=LDR  01453cas a22003857a 4500
=001  013516293
=003  Uk
=005  20221130162110.0
=007  ta
=008  060725d20042020enkar\\\\\\\\\0\\\a0eng\\
=FMT  \\$a  SE
=040  \\$aUk$beng$cUk$dUk
=110  2\$aLeck Group.
=245  10$aAnnual report and financial statements for the year ended ...
=260  \\$a[Great Britain] :$bLeck Group,$c2005-[2020]
=300  \\$a16 v. ;$c30 cm.
=310  \\$aAnnual
=336  \\$atext$2rdacontent
=337  \\$aunmediated$2rdamedia
=338  \\$avolume$2rdacarrier
=362  0\$a31 July 2005-
=362  1\$aCeased with 31 July 2020 issue.
=610  20$aLeck Group$vPeriodicals.
=610  20$aLeck Group$xFinance$vPeriodicals.
=780  00$aLeck Group.$sDirectors report and accounts (Leck Group)
=785  00$aLeck Group.$tGroup strategic report, report of the directors and consolidated financial statements for the year ended 31 July ... for Leck Group Limited
=852  11$aBritish Library$bSTI$cBIPC$kBIS$32004/2005-2020
=CAT  \\$a11313$b40$c20060725$lBLL01$h1147
=CAT  \\$a11313$b40$c20060725$lBLL01$h1153
=CAT  \\$a8964$b40$c20060726$lBLL01$h1055
=CAT  \\$a8323$b40$c20221130$lBLL01$h1621
=FIN  \\$aY$d20060725
=LKR  \\$aPAR$b007913628$lBLL01$r78000$mAnnual report and financial statements for the year ended ...$nDirectors report and accounts.
=TCO  \\$aCLA$bCLA$c008
=LAS  \\$a8323$b40$c20221130$lBLL01$h1621

