=LDR  01893 am a22004817a 4500
=001  013521010
=003  Uk
=005  20070906102804.0
=008  060807t20062005gw\ac\\\\b\\\\000\0bger\\
=FMT  \\$a  BK
=010  \\$a  2006485273
=020  \\$a3790003743 (pbk.)
=035  \\$a(GyWOH)har065013942
=040  \\$aDLC$cDLC$dUk
=043  \\$ae-gx---
=050  00$aBX4705.B57547$bM54 2006
=100  1\$aMierswa, Gabriele Maria.
=245  10$aAdolf Bolte (1901-1974) :$bBischof von Fulda in einer Zeit des Umbruchs /$cGabriele Maria Mierswa.
=250  \\$a2. Aufl.
=260  \\$aFulda :$bParzeller,$c2005$g(2006[printing])
=300  \\$a303 p. :$bill., ports. ;$c23 cm.
=336  \\$atext$2rdacontent
=337  \\$aunmediated$2rdamedia
=338  \\$avolume$2rdacarrier
=490  1\$aQuellen und Abhandlungen zur Geschichte der Abtei und Diözese Fulda ;$v29
=502  \\$aOriginally presented as the author's Diplomarbeit--Theologische Fakultät Fulda, 2004.
=504  \\$aIncludes bibliographical references (p. 280-285).
=600  10$aBolte, Adolf,$d1901-1974,
=610  20$aCatholic Church.$bDiocese of Fulda (Germany)$xHistory$y20th century.
=650  \0$aBishops$zGermany$zFulda$vBiography.
=651  \0$aFulda Region (Germany)$xChurch history$y20th century.
=830  \0$aQuellen und Abhandlungen zur Geschichte der Abtei und Diözese Fulda ;$v29
=852  41$aBritish Library$bHMNTS$iX.0102/112(29)
=CAT  \\$a10926$b40$c20060731$lBLL01$h1434
=CAT  \\$a6066$b40$c20070905$lBLL01$h1418
=CAT  \\$a6066$b40$c20070905$lBLL01$h1421
=CAT  \\$a6066$b40$c20070906$lBLL01$h1028
=CAT  \\$aBATCH$b00$c20091217$lBLL01$h0427
=CAT  \\$aBATCH$b00$c20100103$lBLL01$h1221
=FIN  \\$aY$d20070905
=LCS  0\$aQuellen und Abhandlungen zur Geschichte der Abtei und Diözese Fulda ;$v29
=SRC  \\$aBLL02
=LAS  \\$aBATCH$b00$c20100103$lBLL01$h1221

