=LDR  01901 as a22004337a 4500
=001  013528227
=003  Uk
=005  20150303085235.0
=007  ta
=008  060809d20052007enkar\\\\\\\\\0\\\a0eng\\
=FMT  \\$a  SE
=040  \\$aUk$beng$cUk$dUk
=042  \\$aukblsr
=082  04$a334.60942$222
=110  2\$aUnited Co-operatives (Great Britain)
=240  10$aAnnual report (United Co-operatives (Great Britain))
=245  10$aAnnual report /$cUnited Co-operatives Limited.
=246  1\$iIssue for 2007, has cover title:$aAnnual report & financial statements for the year ended
=246  13$aAnnual report and financial statements for the year ended (United Co-operatives)
=246  17$aAnnual report and financial statements (United Co-operatives)
=260  \\$aRochdale :$bUnited Co-op,$c2006-2007.
=300  \\$av. :$bcol. ill., col. ports. ;$c30 cm.
=336  \\$atext$2rdacontent
=337  \\$aunmediated$2rdamedia
=338  \\$avolume$2rdacarrier
=362  0\$a2006-2007.
=500  \\$a"Annual report and financial statements for the year ended 28 Jan. 2006" - 2006 issue.
=610  20$aUnited Co-operatives (Great Britain)$vPeriodicals.
=610  20$aUnited Co-operatives (Great Britain)$xFinance$vPeriodicals.
=780  00$aUnited Co-operatives (Great Britain)$sAnnual report and financial statements (United Co-operatives Limited)
=785  04$aCo-operative Group (Great Britain)$tAnnual report and accounts of the Cooperative Group (CWS) Ltd
=852  11$aBritish Library$bSTI$cBIPC$kBIPC Trade Literature Collection$32006-2007
=CAT  \\$a8323$b40$c20060809$lBLL01$h1141
=CAT  \\$a5997$b40$c20120326$lBLL01$h0828
=CAT  \\$a11316$b40$c20150303$lBLL01$h0852
=FIN  \\$aY$d20060809
=LKR  \\$aPAR$b013404591$lBLL01$r78000$mAnnual report /$nAnnual report and financial statements /
=TCO  \\$aCLA$bCLA$c008
=LAS  \\$a11316$b40$c20150303$lBLL01$h0852

