=LDR  02380 as a2200577 a 4500
=001  013528246
=003  Uk
=005  20190124135445.0
=007  ta
=008  060809d20042008enkgr\p\\\\\\\0\\\a0eng\\
=FMT  \\$a  SE
=015  \\$aGBA669080$2bnb
=040  \\$aUk$beng$cUk
=042  \\$aukblsr
=082  04$a658.408$222
=110  2\$aJohn Lewis (Firm)
=240  10$aCorporate social responsibility report (John Lewis (Firm))
=245  10$aCorporate social responsibility report ... /$cJohn Lewis.
=260  \\$aLondon :$bJohn Lewis$c2004-2008.
=300  \\$a3 v. :$bcol. ill., col. ports. ;$c30 cm.
=310  \\$aBiennial
=336  \\$atext$2rdacontent
=337  \\$aunmediated$2rdamedia
=338  \\$avolume$2rdacarrier
=362  0\$a2004-2008.
=610  20$aJohn Lewis (Firm)$vPeriodicals.
=650  \0$aSocial responsibility of business$zGreat Britain$vPeriodicals.
=690  7\$aManagement and Business Studies$2blcoll
=780  00$aJohn Lewis (Firm)$sSocial and environment report (John Lewis (Firm))
=787  0\$aJohn Lewis Partnership.$tPartnership corporate social responsibility annual review
=785  01$aJohn Lewis Partnership.$tCorporate social responsibility report
=852  11$aBritish Library$bSTI$cBIPC$kBIPC Trade Literature Collection$32004-2008
=CAT  \\$a8124$b40$c20060809$lBLL01$h1151
=CAT  \\$a8124$b40$c20060809$lBLL01$h1153
=CAT  \\$a8124$b40$c20060809$lBLL01$h1155
=CAT  \\$a8124$b40$c20060810$lBLL01$h0803
=CAT  \\$a8124$b40$c20060810$lBLL01$h0808
=CAT  \\$a11315$b40$c20120508$lBLL01$h1134
=CAT  \\$a11315$b40$c20120508$lBLL01$h1153
=CAT  \\$a11315$b40$c20120508$lBLL01$h1201
=CAT  \\$a11315$b40$c20120508$lBLL01$h1203
=CAT  \\$aWR14_140$c20140905$lBLL01$h1812
=CAT  \\$aBATCH-UPD$b00$c20140906$lBLL01$h0647
=CAT  \\$aBATCH-UPD$b00$c20190108$lBLL01$h1110
=CAT  \\$aBATCH-MBS$c20190111$lBLL01$h2130
=CAT  \\$a8871$b40$c20190124$lBLL01$h1354
=FIN  \\$aY$d20060809
=LKR  \\$aPAR$b013519895$lBLL01$r787$mCorporate social responsibility report ... / John Lewis (Firm)$nPartnership corporate social responsibility annual review ...
=LKR  \\$aPAR$b012970762$lBLL01$r78000$mCorporate social responsibility report ...$nSocial and environment report : responsible retailing.
=TCO  \\$aCLA$bCLA$c008
=LAS  \\$a8871$b40$c20190124$lBLL01$h1354

