=LDR  01437 am a2200433 a 4500
=001  013535971
=003  Uk
=005  20060907103831.0
=008  060822s2006\\\\enkab\\\\\\\\\001\0\eng\\
=FMT  \\$a  BK
=015  \\$aGBA677453$2bnb
=016  7\$a013535971$2Uk
=020  \\$a1842461303 (pbk.)$cNo price
=040  \\$aUk$beng$cUk
=042  \\$aukblsr
=082  04$a584.742$222
=100  1\$aSymoens, J. J.$q(Jean-Jacques)
=245  10$aPotamogetonaceae /$cby J.J. Symoens.
=260  \\$aKew :$bPublished on behalf of the East African Governments by Royal Botanic Gardens, Kew,$c2006.
=300  \\$a19 p. :$bill., map ;$c25 cm.
=336  \\$atext$2rdacontent
=337  \\$aunmediated$2rdamedia
=338  \\$avolume$2rdacarrier
=490  1\$aFlora of tropical East Africa
=500  \\$aTitle from cover.
=500  \\$aIncludes index.
=650  \0$aPotamogetonaceae$zAfrica, East.
=710  2\$aRoyal Botanic Gardens, Kew.
=830  \0$aFlora of tropical East Africa.
=852  71$aBritish Library$bSTI$2blsrissc
=CAT  \\$a12323$b40$c20060822$lBLL01$h1131
=CAT  \\$a12323$b40$c20060822$lBLL01$h1140
=CAT  \\$a5447$b40$c20060907$lBLL01$h1038
=CAT  \\$aBATCH$b00$c20091217$lBLL01$h0429
=CAT  \\$aBATCH$b00$c20100103$lBLL01$h1223
=CAT  \\$aWR16_021$c20160615$lBLL01$h1811
=CAT  \\$aBATCH-UPD$b00$c20160615$lBLL01$h1905
=FIN  \\$aY$d20060907
=LAS  \\$aBATCH-UPD$b00$c20160615$lBLL01$h1905

