=LDR  01982cam a22005057a 4500
=001  013538627
=003  Uk
=005  20060823142813.0
=008  031114s2003\\\\sw\abef\\\\\\\000\0\swe\d
=FMT  \\$a  BK
=020  \\$a9170811237
=040  \\$aOHX$cOHX$dIUL$dXII$dNLGGC
=041  0\$aswe$aeng
=043  \\$af-ti---
=072  \7$aDT$2lcco
=084  \\$a15.34$2bcl
=100  10$aStyrenius, Carl-Gustaf.
=245  10$aKarthago :$bdet svenska deltagandet i UNESCO-utgrävningarna = Carthage : the Swedish participation in the UNESCO excavations /$cCarl-Gustaf Styrenius.
=246  31$aCarthage :$bthe Swedish participation in the UNESCO excavations
=260  \\$aStockholm :$bMedelhavsmuseet,$c2003.
=300  \\$a68 p., [2] folded leaves of plates :$bill. (some col.) map, plans ;$c22 cm.
=336  \\$atext$2rdacontent
=337  \\$aunmediated$2rdamedia
=338  \\$avolume$2rdacarrier
=490  1\$aStudies in Mediterranean archaeology and literature. Pocket-book,$x0283-8494 ;$v165
=490  1\$aSkrifter / Medelhavsmuseet ;$v24
=546  \\$aText in Swedish on p. 5-32, followed by English text on p. 49-68.
=651  \0$aCarthage (Extinct city)
=651  \0$aTunisia$xAntiquities.
=650  \0$aExcavations (Archaeology)$zTunisia$zCarthage (Extinct city)
=650  17$aOpgravingen.$2gtt
=651  \7$a6.130.$2gtt
=710  2\$aMedelhavsmuseet (Stockholm, Sweden)
=710  2\$aUnesco.
=830  \0$aSkrifter (Medelhavsmuseet (Stockholm, Sweden)) ;$v24.
=830  \0$aStudies in Mediterranean archaeology and literature.$pPocket-book,$x0283-8494 ;$v165
=852  41$aBritish Library$bHMNTS$xX.0419/49(165)
=CAT  \\$a10926$b40$c20060823$lBLL01$h1428
=CAT  \\$aBATCH$b00$c20091217$lBLL01$h0429
=CAT  \\$aBATCH$b00$c20100103$lBLL01$h1223
=CAT  \\$aBATCH-UPD$b00$c20190906$lBLL01$h2057
=CAT  \\$aW2308-1659$c20230923$lBLL01$h0926
=FIN  \\$aY$d20060823
=SID  \\$aZ39$bOCLC
=LAS  \\$aW2308-1659$b00$c20230923$lBLL01$h0926

