=LDR  01744cas a2200481 a 4500
=001  013538792
=003  Uk
=005  20160120114854.0
=007  ta
=008  060823c20069999enkfr\\\\\\\\\0\\\a0eng\\
=FMT  \\$a  SE
=015  \\$aGBA673297$2bnb
=022  0\$a1758-0633$202
=040  \\$aUk$beng$cUk$dUk
=042  \\$aukblsr$aissnuk
=082  04$a331.2942205$222
=222  \0$aRegional r£wards for Thames Valley
=245  00$aRegional r£wards for Thames Valley.
=246  13$aRegional rewards for Thames Valley
=260  \\$aStone :$bCroner Reward,$c2006-
=300  \\$av. ;$c30 cm.
=310  \\$aSemiannual
=336  \\$atext$2rdacontent
=337  \\$aunmediated$2rdamedia
=338  \\$avolume$2rdacarrier
=362  0\$aApr. (2006)-
=500  \\$aTitle uses pound symbol to replace 'e' in rewards.
=650  \0$aWages$zEngland$zThames Valley$vStatistics$vPeriodicals.
=690  7\$aManagement and Business Studies$2blcoll
=710  2\$aCroner Reward (Firm)
=776  08$iAlso issued online as:$tRegional r£wards for Thames Valley$x1758-079X
=780  00$tThames Valley salary survey
=852  71$aBritish Library$bSTI$cRES$k(P) AM 14$m-E(70)$2blsrissc$3Apr. (2006)-Oct. (2014)***Title now taken as electronic copy only
=CAT  \\$a11439$b40$c20060823$lBLL01$h1612
=CAT  \\$a11439$b40$c20060823$lBLL01$h1617
=CAT  \\$a11316$b40$c20080612$lBLL01$h1111
=CAT  \\$aBATCH$b00$c20090624$lBLL01$h1716
=CAT  \\$aWR14_140$c20140905$lBLL01$h1812
=CAT  \\$a11316$b40$c20160120$lBLL01$h1148
=FIN  \\$aY$d20060823
=LKR  \\$aPAR$b007033107$lBLL01$r78000$mRegional r£wards for Thames Valley.$nThames Valley salary survey.
=TCO  \\$aCLA$bCLA$c008
=LAS  \\$a11316$b40$c20160120$lBLL01$h1148

