=LDR  01737 cm a2200457 a 4500
=001  013538806
=003  Uk
=005  20080415182554.0
=008  050324s2004\\\\xxu||a||\||||||n\\|\eng\d
=FMT  \\$a  MU
=010  \\$a2005560403
=020  \\$a0757922368
=024  3\$a9780757922367
=024  1\$a654979078463
=028  22$a0750B$bWarner Bros. Publications
=035  \\$a(OCoLC)ocm57418042
=040  \\$aZQP$cZQP$dDLC$dUk
=050  00$aM1630.18.D74$bT73 2004
=082  04$a783.242166$222
=110  2\$aDream Theater (Musical group)
=245  10$aTrain of thought :$b[authentic guitar-tab edition] /$cDream Theater ; transcribed by Danny Begelman.
=260  \\$aMiami :$bWarner Bros. Publications ;$aLondon :$bInternational Music Publications,$cc2004.
=300  \\$a1 score (156 p.) :$bill. ;$c30 cm.
=336  \\$anotated music$2rdacontent
=337  \\$aunmediated$2rdamedia
=338  \\$avolume$2rdacarrier
=500  \\$aSongs as performed by Dream Theater on the album of the same name ; words and music by members of the group.
=500  \\$aFor voice and guitar in standard notation and tablature with chord symbols.
=500  \\$aWords also printed for reference.
=505  0\$aAs I am -- This dying soul -- Endless sacrifice -- Honor thy father -- Vacant -- Stream of consciousness -- In the name of God.
=650  \0$aRock music$y2001-2010.
=650  \0$aGuitar music (Rock)
=650  \0$aProgressive rock music.
=650  \0$aHeavy metal (Music)
=700  1\$aBegelman, Danny.
=852  41$aBritish Library$bDSC$cMUSIC
=CAT  \\$a8870$b40$c20060823$lBLL01$h1620
=CAT  \\$a4587$b40$c20080415$lBLL01$h1825
=FIN  \\$aY$d20060823
=SID  \\$aZ39$bLOC
=LAS  \\$a4587$b40$c20080415$lBLL01$h1825

