=LDR  00960 am a2200313 a 4500
=001  013545036
=003  Uk
=005  20090216135523.0
=008  820519s1923\\\\gw\a\\\\\\\\\\000\0\ger\\
=FMT  \\$a  BK
=010  \\$a23003829
=040  \\$aDLC$cCarP$dDLC$dUk
=042  \\$aukblsr
=050  00$aQB51$b.B9
=100  1\$aBürgel, Bruno Hans,$d1875-1948.
=245  10$aDu und das Weltall :$bein Weltbild /$cBruno H. Bürgel.
=260  \\$aLeipzig :$bDürr & Weber,$c1923.
=300  \\$a79 p. :$bill. ;$c20 cm.
=336  \\$atext$2rdacontent
=337  \\$aunmediated$2rdamedia
=338  \\$avolume$2rdacarrier
=490  0\$aZellenbücherei ;$vNr. 31
=650  \0$aAstronomy.
=852  41$aBritish Library$bHMNTS$qCopy at <shelfmark>. Imperfect: with owner's annotations.
=CAT  \\$a1972$b40$c20060904$lBLL01$h1128
=CAT  \\$a11069$b40$c20090216$lBLL01$h1355
=FIN  \\$aY$d20090216
=SID  \\$aZ39$bLOC
=LAS  \\$a11069$b40$c20090216$lBLL01$h1355

