=LDR  01123 am a2200373 a 4500
=001  013545809
=003  Uk
=005  20121024133342.0
=008  060905s2004\\\\ie\a\\\\\b\\\\000\0\eng\\
=FMT  \\$a  BK
=015  \\$aGBB2A8224$2bnb
=016  7\$a013545809$2Uk
=040  \\$aUk$beng$cUk
=042  \\$aukblsr
=082  04$a363.73874$223
=245  00$aClimate change.
=260  \\$aDublin :$bENFO,$c[2004]
=300  \\$a3 v. :$bill. ;$c30 cm.
=336  \\$atext$2rdacontent
=337  \\$aunmediated$2rdamedia
=338  \\$avolume$2rdacarrier
=490  0\$aClimate change ;$vCC1, CC2, CC3
=505  0\$a1. Science -- 2. Impacts -- 3. Policy.
=504  \\$aIncludes bibliographical references.
=650  \0$aClimatic changes.
=710  1\$aIreland.$bENFO.
=852  41$aBritish Library$bHMNTS$i2. Impacts
=852  41$aBritish Library$bHMNTS$i1. Science
=852  41$aBritish Library$bHMNTS$i3. Policy
=CAT  \\$a8178$b40$c20060905$lBLL01$h0837
=CAT  \\$a11070$b40$c20121024$lBLL01$h1333
=CAT  \\$aWR16_021$c20160615$lBLL01$h1813
=FIN  \\$aY$d20121024
=LAS  \\$aWR16_021$b00$c20160615$lBLL01$h1813

