=LDR  01274 am a2200409 a 4500
=001  013546319
=003  Uk
=005  20121115091645.0
=008  060905m20042005ie\a\\\\\b\\\o000\0\eng\\
=FMT  \\$a  BK
=015  \\$aGBB2A8401$2bnb
=016  7\$a013546319$2Uk
=040  \\$aUk$beng$cUk
=042  \\$aukblsr
=082  04$a363.73874$223
=245  03$aAn tAthrú Aeráide.
=260  \\$aDublin :$bENFO,$c2004-2005.
=300  \\$a3 v. :$bill. ;$c30 cm.
=336  \\$atext$2rdacontent
=337  \\$aunmediated$2rdamedia
=338  \\$avolume$2rdacarrier
=490  0\$aAn tATHRÚ aeráide ;$vAA1, AA2, AA3
=505  0\$a1. Eolaícht -- 2. Beartais -- 3. Tuinseamha.
=504  \\$aIncludes bibliographical references.
=650  \0$aClimatic changes.
=710  1\$aIreland.$bENFO.
=852  41$aBritish Library$bHMNTS$i3
=852  41$aBritish Library$bHMNTS$i1
=852  41$aBritish Library$bHMNTS$i2
=CAT  \\$a8332$b40$c20060905$lBLL01$h1342
=CAT  \\$aBLSS-CORR$b00$c20080705$lBLL01$h2200
=CAT  \\$a11070$b40$c20121025$lBLL01$h1701
=CAT  \\$a11070$b40$c20121025$lBLL01$h1702
=CAT  \\$a11070$b40$c20121115$lBLL01$h0916
=CAT  \\$aWR16_021$c20160615$lBLL01$h1813
=FIN  \\$aY$d20121024
=LAS  \\$aWR16_021$b00$c20160615$lBLL01$h1813

