=LDR  01342 am a2200373 a 4500
=001  013546703
=003  Uk
=005  20121025140237.0
=008  060905m20002001ie\a\\\\\\\\\o000\0\eng\\
=FMT  \\$a  BK
=016  7\$a013546703$2Uk
=040  \\$aUk$beng$cUk
=042  \\$aukblsr
=082  04$a635.048$223
=245  00$aEnvironmentally friendly gardening :$ba choice for sustainable living.
=260  \\$aDublin :$bENFO,$c2000-2001.
=300  \\$a5 v. :$bcol. ill. ;$c30 cm.
=336  \\$atext$2rdacontent
=337  \\$aunmediated$2rdamedia
=338  \\$avolume$2rdacarrier
=505  1\$aSG1. Potentially hazardous garden plants -- SG2. Garden compost and leaf mould -- SG3. Energy conservation in the greenhouse -- SG4. Water conservation in the garden -- SG6. Gardening without peat.
=650  \0$aGardening$xEnvironmental aspects$zIreland.
=650  \0$aGarden ecology$zIreland.
=710  1\$aIreland.$bENFO.
=852  41$aBritish Library$bHMNTS$i1
=852  41$aBritish Library$bHMNTS$i2
=852  41$aBritish Library$bHMNTS$i4
=852  41$aBritish Library$bHMNTS$i5
=CAT  \\$a8178$b40$c20060905$lBLL01$h1620
=CAT  \\$a8178$b40$c20060905$lBLL01$h1621
=CAT  \\$a11070$b40$c20121025$lBLL01$h1402
=CAT  \\$aWR16_021$c20160615$lBLL01$h1813
=FIN  \\$aY$d20121025
=LAS  \\$aWR16_021$b00$c20160615$lBLL01$h1813

