=LDR  01048 as a22003377a 4500
=001  013549331
=003  Uk
=005  20060908111453.0
=007  ta
=008  060907c19949999xxkar\p\\\\\\\0\\\a0eng\\
=FMT  \\$a  SE
=040  \\$aUk$beng$cUk
=110  2\$aBMS (Firm)
=240  10$aSolution (BMS (Firm))
=245  14$aThe solution :$bBMS agribusiness newsletter.
=260  \\$a[Great Britain :$bBMS,$c1994]-
=300  \\$av. :$bcol. ill., col. ports. ;$c30 cm.
=310  \\$aAnnual
=336  \\$atext$2rdacontent
=337  \\$aunmediated$2rdamedia
=338  \\$avolume$2rdacarrier
=362  1\$aBegan in 1994.
=500  \\$aDescription based on: Issue 11.
=610  20$aBMS (Firm)$vPeriodicals.
=852  11$aBritish Library$bSTI$cBIPC$kBIPC Trade Literature Collection$3Issue 11 [2006]-issue 13 [2008]
=CAT  \\$a11187$b40$c20060907$lBLL01$h1450
=CAT  \\$a9572$b40$c20060908$lBLL01$h1114
=CAT  \\$aBATCH$b00$c20081124$lBLL01$h1133
=FIN  \\$aY$d20060907
=TCO  \\$aCLA$bCLA$c008
=LAS  \\$aBATCH$b00$c20081124$lBLL01$h1133

