=LDR  01158 as a22003377a 4500
=001  013555730
=003  Uk
=005  20110201142505.0
=007  ta
=008  060918d2006200uenkar\p\\\\\\\0\\\a0eng\\
=FMT  \\$a  SE
=040  \\$aUk$beng$cUk
=110  2\$aHyder Consulting (Firm : Great Britain)
=240  10$aCorporate social responsibility report (Hyder Consulting (Firm : Great Britain))
=245  10$aCorporate social responsibility report /$cHyder Consulting.
=260  \\$aLondon :$bHyder Consulting,$c2006-
=300  \\$av. :$bill. (some col.), col. ports. ;$c30 cm.
=310  \\$aAnnual
=336  \\$atext$2rdacontent
=337  \\$aunmediated$2rdamedia
=338  \\$avolume$2rdacarrier
=362  0\$a2006-
=362  1\$aCeased in 2008?
=610  20$aHyder Consulting (Firm : Great Britain)$vPeriodicals.
=650  \0$aSocial responsibility of business$vPeriodicals.
=852  11$aBritish Library$bSTI$cBIPC$kBIPC Trade Literature Collection$32006-2008
=CAT  \\$a11313$b40$c20060918$lBLL01$h0957
=CAT  \\$a7792$b40$c20110201$lBLL01$h1425
=FIN  \\$aY$d20060918
=TCO  \\$aCLA$bCLA$c008
=LAS  \\$a7792$b40$c20110201$lBLL01$h1425

