=LDR  01661 am a22004457a 4500
=001  013555759
=003  Uk
=005  20210507030039.0
=008  060918s2006\\\\ii\a\\\\\b\\\\001\0\eng\\
=FMT  \\$a  BK
=020  \\$a9788171885350 (cased)
=020  \\$a8171885357 (cased)
=040  \\$aUk$beng$cUk
=100  1\$aAlam, Moneer.
=245  10$aAgeing in India :$bSocio-economic and health dimensions /$cMoneer Alam.
=260  \\$aNew Delhi :$bAcademic Foundation,$cc2006.
=300  \\$a288 p. :$bill. ;$c23 cm.
=336  \\$atext$2rdacontent
=337  \\$aunmediated$2rdamedia
=338  \\$avolume$2rdacarrier
=490  1\$aStudies in economic development and planning$vno. 66
=504  \\$aIncludes bibliographical references and index.
=540  \\$aBritish Library not licensed to copy$c0$5Uk
=710  2\$aAcademic Foundation (New Delhi, India)
=830  \0$aStudies in economic development and planning ;$vno. 66.
=852  41$aBritish Library$bDSC$h8490.425000$ino. 66
=CAT  \\$a8411$b40$c20060918$lBLL01$h1044
=CAT  \\$aBATCH-UPD$b40$c20060918$lBLL01$h1045
=CAT  \\$a10905$b40$c20060919$lBLL01$h0943
=CAT  \\$a10905$b40$c20060922$lBLL01$h1645
=CAT  \\$aBATCH-UPD$b40$c20070412$lBLL01$h2035
=CAT  \\$aBATCH-UPD$b40$c20081121$lBLL01$h0145
=CAT  \\$aBATCH$b00$c20091217$lBLL01$h0432
=CAT  \\$aBATCH$b00$c20100103$lBLL01$h1226
=CAT  \\$aBATCH-CLA$b00$c20210507$lBLL01$h0300
=CAT  \\$aBATCH-UPD$b00$c20210507$lBLL01$h0607
=CFI  0\$aBritish Library not licensed to copy$c0$e07-sep-2011$hC$iTX$5Uk
=FIN  \\$aY$d20060919
=TCO  \\$aXXX$c008
=LAS  \\$aBATCH-UPD$b00$c20210507$lBLL01$h0607

