=LDR  02043 am a2200469 i 4500
=001  013558858
=003  Uk
=005  20210520150230.0
=008  820209s1972\\\\ii\\\\\\\\\\\\000\0\tibo\
=FMT  \\$a  BK
=010  \\$a   72902525 
=040  \\$aUk$beng$cUk$erda
=041  0\$atib$aeng
=042  \\$aukblsr
=100  0\$aGśen-gsas Lha-rje,$d1215-
=245  10$aRnam rgyal gzuṅs chen (rediscovered by Gśen-gsas Lha-rje) and Khams bsdus thsigs [sic, i.e. tshigs] bcad ma (rediscovered by Rma-ston Śer-seṅ) :$btwo liturgical texts from the Bonpo canon /$creproduced from a Ms. from Bsam-gliṅ Monastery in Dolpo.
=246  3\$aRnam rgyal gzungs chen (rediscovered by Gshen-gsas Lha-rje) and Khams bsdus thsigs [sic, i.e. tshigs] bcad ma (rediscovered by Rma-ston Sher-seng) :$btwo liturgical texts from the Bonpo canon /
=260  \\$aNew Delhi, Khedup Gyatso :$bdistributor: Tibetan Bonpo Monastic Centre, Dolanji, H.P.,$c1972.
=300  \\$a1 volume (unpaged) ;$c28 x 37 cm
=336  \\$atext$2rdacontent
=337  \\$aunmediated$2rdamedia
=338  \\$avolume$2rdacarrier
=546  \\$aIn Tibetan; preface in English.
=650  \0$aBon (Tibetan religion)$xRituals.
=700  0\$aRma-ston Śer seṅ.$tKhams bsdus tshigs bcad ma.$f1972.
=852  41$aBritish Library$bOC$m19999.m.4
=985  \\$aRecord amended for WR# 13/070
=CAT  \\$a10223$b40$c20060920$lBLL01$h1548
=CAT  \\$aBATCH-UPD$b40$c20060929$lBLL01$h1215
=CAT  \\$a4039$b40$c20060929$lBLL01$h1219
=CAT  \\$a4039$b40$c20061002$lBLL01$h1738
=CAT  \\$a4039$b40$c20061002$lBLL01$h1743
=CAT  \\$aBATCH-UPD$b40$c20061002$lBLL01$h2034
=CAT  \\$aWR13_070$b00$c20130504$lBLL01$h0247
=CAT  \\$aBATCH-UPD$b00$c20130506$lBLL01$h0320
=CAT  \\$aW1806-0111$c20180903$lBLL01$h1852
=CAT  \\$a14760$b40$c20210513$lBLL01$h1236
=CAT  \\$a14760$b40$c20210513$lBLL01$h1237
=CAT  \\$a14760$b40$c20210520$lBLL01$h1502
=FIN  \\$aY$d20060920
=SRC  \\$aBLL02$bpart.2.ac
=LAS  \\$a14760$b40$c20210520$lBLL01$h1502

