=LDR  01435 cm a2200409 a 4500
=001  013566014
=003  Uk
=005  20090130142615.0
=008  030108s2002\\\\sz\||ae|\||||||n\\|\zxx\d
=FMT  \\$a  MU
=010  \\$a2004464464
=028  32$aPVH 762$bPizzicato Verlag Helvetia
=035  \\$a(OCoLC)ocm51328288
=040  \\$aCR2$cCR2$dDLC$dUk
=050  00$aM233$b.P
=082  04$a787.4$222
=100  1\$aPiatti, Alfredo C.$q(Alfredo Carlo),$d1822-1901.
=240  10$aCanzonetta,$mcello, piano,$rG major
=245  10$aCanzonetta per violoncello e pianoforte /$cAlfredo Piatti ; [editor, Christian Bellisario].
=260  \\$aAdliswil :$bPizzicato Verlag Helvetia,$cc2002.
=300  \\$a1 score (9 p.) + 1 part (3 p.) ;$c30 cm.
=336  \\$anotated music$2rdacontent
=337  \\$aunmediated$2rdamedia
=338  \\$avolume$2rdacarrier
=490  1\$aAlfredo Piatti cello collection
=500  \\$a"Urtext."
=650  \0$aCello and piano music$vScores and parts.
=700  1\$aBellisario, Christian.
=800  1\$aPiatti, Alfredo C.$q(Alfredo Carlo),$d1822-1901$tInstrumental music.$kSelections.
=852  41$aBritish Library$bDSC$cMUSIC
=985  \\$aRecord amended for WR# 13/070
=CAT  \\$a8870$b40$c20061002$lBLL01$h1439
=CAT  \\$a12418$b40$c20090130$lBLL01$h1426
=CAT  \\$aWR13_070$b00$c20130504$lBLL01$h0247
=FIN  \\$aY$d20061002
=SID  \\$aZ39$bLOC
=LAS  \\$aWR13_070$b00$c20130504$lBLL01$h0247

