=LDR  02016 am a2200541 a 4500
=001  013569049
=003  Uk
=005  20070831144400.0
=008  060719s2006\\\\ne\a\\\\\bc\\\001\0\eng\\
=FMT  \\$a  BK
=010  \\$a  2006049126
=020  \\$a9004154221 (hdbk. : alk. paper)
=020  \\$a9789004154223
=035  \\$a(OCoLC)ocm71004545
=040  \\$aDLC$cDLC$dC#P$dOHX$dYDX$dBAKER$dDLC$dUk
=042  \\$aukblsr
=043  \\$ae-uk-en
=050  00$aZ6621.B86$bS84 2006$aBQ8912.4
=082  00$a016.2943923$222
=082  04$a011.3109421$220
=100  1\$aDalton, Jacob Paul.
=245  10$aTibetan Tantric manuscripts from Dunhuang :$ba descriptive catalogue of the Stein Collection at the British Library /$cby Jacob Dalton and Sam van Schaik.
=260  \\$aLeiden ;$aBoston :$bBrill,$c2006.
=300  \\$axxxiv, 390 p. :$bill. ;$c25 cm.
=336  \\$atext$2rdacontent
=337  \\$aunmediated$2rdamedia
=338  \\$avolume$2rdacarrier
=490  1\$aBrill's Tibetan studies library,$x1568-6183 ;$vv.12
=504  \\$aIncludes bibliographical references (p. [355]-360) and indexes.
=600  10$aStein, Aurel,$cSir,$d1862-1943$xLibrary$vCatalogs.
=610  20$aBritish Library$vCatalogs.
=630  00$aDunhuang manuscripts$vCatalogs.
=650  \0$aTantric Buddhism$xManuscripts$vCatalogs.
=650  \0$aManuscripts, Tibetan$zEngland$zLondon$vCatalogs.
=700  1\$aVan Schaik, Sam.
=830  \0$aBrill's Tibetan studies library,$x1568-6183 ;$vv.12
=852  11$aBritish Library$bOC$cSPHOA$kORC TIB MSS 12
=BUF  \\$aN2$d20061004
=CAT  \\$a8197$b40$c20061004$lBLL01$h1553
=CAT  \\$aBATCH-UPD$b40$c20061004$lBLL01$h1554
=CAT  \\$aBATCH-BUOC$b00$c20061012$lBLL01$h2136
=CAT  \\$a1722$b40$c20070831$lBLL01$h1444
=CAT  \\$aBATCH$b00$c20091217$lBLL01$h0434
=CAT  \\$aBATCH$b00$c20100103$lBLL01$h1227
=FIN  \\$aY$d20061004
=LCS  0\$aBrill's Tibetan studies library,$x1568-6183 ;$vv.12
=SRC  \\$aBLL02
=LAS  \\$aBATCH$b00$c20100103$lBLL01$h1227

