=LDR  02199 cm a2200493 a 4500
=001  013570703
=003  Uk
=005  20080117161216.0
=008  051021s2005\\\\gw\muae\\\\\\\\n\\\\zxx\d
=FMT  \\$a  MU
=024  2\$aM006466214
=024  3\$a9790006466214
=028  22$aBA 5167$bBärenreiter
=040  \\$aINU$cINU$dINU$dUk
=041  0\$gger$geng
=082  04$a787.2183$222
=082  04$a784.1872$222
=100  1\$aBach, Johann Sebastian,$d1685-1750.
=240  10$aViolin, continuo music.$kSelections
=245  10$aSonaten G-Dur, e-Moll ;$bFuge g-Moll : für Violine und Basso continuo = Sonatas in G major, E minor ; Fugue in G minor : for violin and basso continuo, BWV 1021, 1023, 1026 /$cJ.S. Bach ; herausgegeben von Peter Wollny ; Continuo-Aussetzung von Zvi Meniker.
=250  \\$aUrtext- und Interpretationsausg. mit aufführungspraktischen Hinweisen /$bvon Andrew Manze.
=260  \\$aKassel ;$aLondon :$bBärenreiter,$cc2005.
=300  \\$a1 score (vii, 32 p.) + 3 parts ;$c31 cm.
=336  \\$anotated music$2rdacontent
=337  \\$aunmediated$2rdamedia
=338  \\$avolume$2rdacarrier
=500  \\$aIncludes Urtext and edited versions of violin part. Continuo part is for unrealized figured bass; score includes realization of figured bass.
=500  \\$a"Bärenreiter Urtext"--Cover.
=500  \\$aIncludes pref. in German and English.
=650  \0$aSonatas (Violin and continuo)$vScores and parts.
=650  \0$aCanons, fugues, etc. (Violin and continuo)$vScores and parts.
=700  1\$aWollny, Peter.
=700  1\$aMeniker, Zvi,$d1964-
=700  1\$aManze, Andrew.
=700  12$aBach, Johann Sebastian,$d1685-1750.$tSonatas,$mviolin, continuo,$nBWV 1021,$rG major.
=700  12$aBach, Johann Sebastian,$d1685-1750.$tSonatas,$mviolin, continuo,$nBWV 1023,$rE minor.
=700  12$aBach, Johann Sebastian,$d1685-1750.$tFugues,$mviolin, continuo,$nBWV 1026,$rG minor.
=852  41$aBritish Library$bDSC$cMUSIC
=CAT  \\$a8870$b40$c20061006$lBLL01$h1547
=CAT  \\$aBATCH-UPD$b40$c20070902$lBLL01$h1841
=CAT  \\$a8870$b40$c20080117$lBLL01$h1612
=FIN  \\$aY$d20080117
=SID  \\$aZ39$bOCLC
=LAS  \\$a8870$b40$c20080117$lBLL01$h1612

