=LDR  07406cam a2201669 a 4500
=001  013571005
=003  Uk
=005  20150929154550.0
=008  030226m19999999ir\a\\\\\\\\\\001\0cper\d
=FMT  \\$a  BK
=010  \\$a2002362034
=020  \\$a9645798876 (set)
=020  \\$a9789645798879 (set)
=020  \\$a9646844200 (v. 1)
=020  \\$a9789646844209 (v. 1)
=020  \\$a9646844219 (v. 2)
=020  \\$a9789646844216 (v. 2)
=020  \\$a9645645239 (v. 3)
=020  \\$a9789645645234 (v. 3)
=020  \\$a9645645220 (v. 4)
=020  \\$a9789645645227 (v. 4)
=020  \\$a9645798124 (v. 5)
=020  \\$a9789645798121 (v. 5)
=020  \\$a9646844154 (v. 6)
=020  \\$a9789646844155 (v. 6)
=020  \\$a9646844162 (v. 7)
=020  \\$a9789646844162 (v. 7)
=020  \\$a9645798469 (v. 9)
=020  \\$a9789645798466 (v. 9)
=020  \\$a964579885X (v. 10, pt. 1)
=020  \\$a9789645798855 (v. 10, pt. 1)
=020  \\$a9645798868 (v. 10, pt. 2)
=020  \\$a9789645798862 (v. 10, pt. 2)
=020  \\$a9648145016 (v. 11)
=020  \\$a9789648145014 (v. 11)
=020  \\$a9648145008 (v. 12)
=020  \\$a9789648145007 (v. 12)
=020  \\$z9648195237 (v. 13)
=020  \\$a9648145318 (v. 14)
=020  \\$a9789648145311 (v. 14)
=020  \\$a9648145334 (v. 15)
=020  \\$a9789648145335 (v. 15)
=020  \\$a9648145156 (v. 17)
=020  \\$a9789648145151 (v. 17)
=020  \\$a9648145288 (v. 18)
=020  \\$a9789648145281 (v. 18)
=020  \\$a9789648145953 (v. 22, pt. 1)
=020  \\$a9648145954 (v. 22, pt. 1)
=020  \\$a9789648145960 (v. 22, pt. 2)
=020  \\$a9648145962 (v. 22, pt. 2)
=020  \\$a9789648145977 (v. 22, pt. 3)
=020  \\$a9648145970 (v. 22, pt. 3)
=020  \\$a9786001490040 (v. 23)
=020  \\$a600149004X (v. 23)
=020  \\$z964814527x (v. 16)
=020  \\$a9645798507 (v. 8)
=020  \\$a9789645798503 (v. 8)
=020  \\$a9789648145779 (v. 20)
=020  \\$a9648145776 (v. 20)
=020  \\$a9789648145762 (v. 21)
=020  \\$a9648145768 (v. 21)
=020  \\$a9786001490323 (v. 27)
=020  \\$a9786001490750 (v. 28)
=035  \\$a(OCoLC)52359748$z(OCoLC)47147839
=040  \\$aUk$beng$cUk
=042  \\$alccopycat$alcode
=043  \\$aa-ir---
=050  00$aDS316.85$b.R55 1999
=245  00$6880-01$aRijāl-i ʿaṣr-i Pahlavī :$bbih rivāyat-i asnād-i Sāvāk.
=250  \\$6880-02$aChāp-i 1.
=260  \\$aTihran :$bMarkaz-i barrasi-i asnad-i tarikhi vizarat-i ittila'at,$c1385.
=260  \\$6880-03$aTihrān :$bMarkaz-i Barrasī-i Asnād-i Tārīkhī-i Vizārat-i Iṭṭilaʿāt,$c1378-<1394> [1999-<2015>]
=300  \\$av. <1-7, 9-15, 17-18, 27-28; in 19> :$bill. ;$c24 cm.
=336  \\$atext$2rdacontent
=337  \\$aunmediated$2rdamedia
=338  \\$avolume$2rdacarrier
=546  \\$aIn Persian.
=500  \\$aIncludes index.
=505  0\$a1. Dāryūsh Humāyūn -- 2. Ardashīr Zāhidī -- 3. Ālī Amīnī -- 4. Duktur Manūchihr Iqbāl -- 5. ʿAbd al-ʿAzīm Valiyān -- 6. Bahrām Āryānā -- 7. Sayyid Z̤īyā al-Dīn Ṭabāṭabāʾī -- 9. Jamshīd Āmūzgār -- 10. Amīr ʿAbbās Huvaydā -- 11. Mahdīqulī ʿAlavī Muqaddam -- 12. Sayyid Ḥasan Taqīʹzādah -- 13. Nuṣrat Allāh Muʿīniyān -- 15. Hūshāng Nahāvandī --16. ʿAbd Allah Riyāz̤ī -- 17. Jaʿfar Sharīf Imāmī -- 18. Ghulām Riz̤ā Nīkʹpay -- 19. Parvīz Nīkʹkhvah -- 20. Jamāl Imāmī -- 21 Muḥammad Bāhirī -- 27. Muṣṭafá Alamūtῑʹniyā -- 28. Iḥsān Narāqῑ.
=600  10$6880-04.$aHumāyūn, Dāryūsh.
=600  10$6880-05.$aZāhidī, Ardashīr,$d1928-2021
=600  10$6880-06.$aAmīnī, ʿAlī,$d1905-1992
=600  10$6880-07.$aIqbāl, Manūchihr,$d1909-1977
=600  10$6880-08.$aĀmūzgār, Jamshīd,$d1923 or 1924-
=600  10$6880-09.$aValian, Abdolazim.
=600  10$6880-10.$aĀryānā, Bahrām.
=600  10$6880-11.$aṬabāṭabāʾī, Z̤iyā al-Dīn,$d1889-1969
=600  10$6880-12.$aHuvaydā, Amīr ʿAbbās,$d1919-1979
=600  10$6880-13.$aʿAlavī Muqaddam, Mahdīqulī.
=600  10$6880-14.$aTaqīʹzādah, Ḥasan,$d1878-1969
=600  10$6880-15.$aMuʿīniyān, Nuṣrat Allāh,$d1923 or 1924-
=600  10$6880-16.$aYazdānī, Huzhabr,$d1934 or 1935-
=600  10$6880-17.$aNahāvandī, Hūshang.
=600  10$6880-18.$aSharīf Imāmī, Jaʿfar,$d1910-
=600  10$6880-19.$aNīkʹpāy, Ghulām Riz̤ā.
=651  \0$aIran$xHistory$yPahlavi dynasty, 1925-1979$vBiography.
=651  \0$aIran$xHistory$yPahlavi dynasty, 1925-1979$vSources.
=776  08$iOnline version:$tRijāl-i ʿaṣr-i Pahlavī$bChāp-i 1.$w(OCoLC)607843378$dTihrān : Markaz-i Barrasī-i Asnād-i Tārīkhī-i Vizārat-i Iṭṭilaʿāt, 1378-<1385> [1999-<2006>]
=710  1\$6880-20.$aIran.$bSāzmān-i Iṭṭilāʿāt va Amnīyat-i Kishvar.
=880  00$6245-01//r$aرجال عصر پهلوى :$bبه روايت اسناد ساواک.
=880  \\$6250-02//r$aچاپ 1.
=880  \\$6260-03//r$aتهران :$bمرکز بررسى اسناد تاريخى وزارت اطلاعات،$c1378-<1385> [1999-<2006>].
=880  14$6600-04//r$aهمايون، داريوش.
=880  14$6600-05//r$aزاهدى، اردشير.
=880  14$6600-06//r$aامينى، على.
=880  14$6600-07//r$aاقبال، منوچهر.
=880  14$6600-08//r$aآموزگار، جمشيد.
=880  14$6600-09//r$aوليان، عبد العظيم.
=880  14$6600-10//r$aآريانا، بهرام.
=880  14$6600-11//r$aطباطبائى، ضيا الدين.
=880  14$6600-12//r$aهويدا، امير عباس.
=880  14$6600-13//r$aعلوى مقدم، مهديقلى.
=880  14$6600-14//r$aتقى‌زاده، حسن.
=880  14$6600-15//r$aمعينيان، نصرت الله.
=880  14$6600-16//r$aيزدانى، هژبر.
=880  14$6600-17//r$aنهاوندى، هوشنگ.
=880  14$6600-18//r$aشريف امامى، جعفر.
=880  14$6600-19//r$aنيک‌پى، غلام رضا.
=880  1\$6710-20//r$aايران.$bسازمان اطلاعات و امنيت کشور.
=852  41$aBritish Library$bOC$iITA.2000.a.2172
=985  \\$aRecord amended for WR# 13/070
=CAT  \\$a11612$b40$c20061009$lBLL01$h1119
=CAT  \\$a11612$b40$c20061009$lBLL01$h1126
=CAT  \\$a11612$b40$c20090820$lBLL01$h1738
=CAT  \\$a2717$b40$c20091027$lBLL01$h1732
=CAT  \\$a2717$b40$c20091027$lBLL01$h1736
=CAT  \\$a2717$b40$c20091027$lBLL01$h1746
=CAT  \\$a4039$b40$c20100928$lBLL01$h1705
=CAT  \\$aBATCH-UPD$b40$c20101203$lBLL01$h2127
=CAT  \\$aBATCH-UPD$b40$c20120426$lBLL01$h2056
=CAT  \\$aBATCH-UPD$b40$c20130323$lBLL01$h1848
=CAT  \\$aWR13_070$b00$c20130504$lBLL01$h0247
=CAT  \\$aBATCH-UPD$b00$c20130506$lBLL01$h0327
=CAT  \\$aBATCH-UPD$b00$c20130507$lBLL01$h1715
=CAT  \\$a6537$b40$c20141223$lBLL01$h1027
=CAT  \\$a13427$b40$c20150929$lBLL01$h1545
=CAT  \\$aBATCH-UPD$b40$c20190406$lBLL01$h1729
=CAT  \\$aBATCH-UPD$b40$c20220105$lBLL01$h2026
=CAT  \\$aBATCH-UPD$b40$c20220709$lBLL01$h1733
=FIN  \\$aY$d20100928
=SID  \\$aZ39$bOCLC
=LAS  \\$aBATCH-UPD$b40$c20220709$lBLL01$h1733

