=LDR  01470 am a2200421 a 4500
=001  013574559
=003  Uk
=005  20140804110000.0
=008  060228s2005\\\\it\af\\\\b\\\\001\0\ita\c
=FMT  \\$a  BK
=010  \\$a  2006422387
=020  \\$a8884556007 (pbk.)
=024  3\$a9788884556004
=035  \\$a(OCoLC)ocm64671249
=040  \\$aEQO$cEQO$dC3L$dIXA$dDLC$dUk
=050  00$aPQ4654.A2$bR87 2005
=100  1\$aRusso, Emilio.
=245  10$aStudi su Tasso e Marino /$cEmilio Russo.
=260  \\$aRoma :$bAntenore,$c2005.
=300  \\$axii, 225 p., [16] p. of plates :$bill. ;$c22 cm.
=336  \\$atext$2rdacontent
=337  \\$aunmediated$2rdamedia
=338  \\$avolume$2rdacarrier
=490  1\$aMiscellanea erudita ;$v71
=504  \\$aIncludes bibliographical references and indexes.
=600  10$aTasso, Torquato,$d1544-1595$xCriticism and interpretation.
=600  10$aMarino, Giambattista,$d1569-1625$xCriticism and interpretation.
=650  \0$aItalian literature$y16th century$xHistory and criticism.
=650  \0$aItalian literature$y17th century$xHistory and criticism.
=830  \0$aMiscellanea erudita ;$v71.
=852  41$aBritish Library$bHMNTS$hWP.16966/71
=CAT  \\$a7483$b40$c20061012$lBLL01$h0855
=CAT  \\$aBATCH$b00$c20091217$lBLL01$h0434
=CAT  \\$aBATCH$b00$c20100103$lBLL01$h1228
=CAT  \\$a12640$b40$c20140804$lBLL01$h1100
=FIN  \\$aY$d20061012
=SRC  \\$aBLL02
=LAS  \\$a12640$b40$c20140804$lBLL01$h1100

