=LDR  01161 as a2200373 a 4500
=001  013575655
=003  Uk
=005  20061016122010.0
=007  ta
=008  061013c20069999enk\u\\\\\\\\\0\\\a0eng\\
=FMT  \\$a  SE
=015  \\$aGBA686946$2bnb
=040  \\$aUk$beng$cUk
=042  \\$aukblsr
=082  04$a617.69305$222
=245  00$aImplant insight.
=246  17$aImplantology
=260  \\$aStonehouse, Glos. :$bAstra Tech. ;$c2006-
=300  \\$av. :$bcol. ill., col. ports. ;$c30 cm.
=336  \\$atext$2rdacontent
=337  \\$aunmediated$2rdamedia
=338  \\$avolume$2rdacarrier
=362  0\$aAutumn 2006-
=650  \0$aDental implants$vPeriodicals.
=650  \0$aDental implants$xComplications$vPeriodicals.
=650  \0$aDental implants industry$vPeriodicals.
=710  2\$aAstra Tech Dental.
=852  11$aBritish Library$bSTI$cBIPC$kBIPC Trade Literature Collection$3Issue 1(2006)-Issue 5(2008)
=CAT  \\$a11315$b40$c20061013$lBLL01$h1045
=CAT  \\$a10743$b40$c20061016$lBLL01$h1220
=CAT  \\$aWR14_140$c20140905$lBLL01$h1813
=FIN  \\$aY$d20061013
=TCO  \\$aCLA$bCLA$c008
=LAS  \\$aWR14_140$b00$c20140905$lBLL01$h1813

