=LDR  01925 am a22004577a 4500
=001  013576132
=003  Uk
=005  20061020153044.0
=008  051213r20051942gw\abe\\\b\\\\000\0\ger\d
=FMT  \\$a  BK
=020  \\$a3805335628
=035  \\$a(CMalG) (Voyager)683467
=040  \\$aCMalG$cCMalG$dUk
=043  \\$ae-gx---
=100  1\$aLange, Albert,$d1891-1945.
=245  14$aDas Wohnhaus im Ruhrkohlenbezirk vor dem Aufstieg der Grossindustrie :$bReprint der Originalausgabe aus dem Jahre 1942 /$cAlbert Lange ; aktualisiert und mit einer kommentierenden Einführung versehen von Christoph Dautermann und Thomas Spohn.
=260  \\$aMainz am Rhein :$bPhilipp von Zabern,$cc2005.
=300  \\$axliv, 233 p. :$bill., plans ;$c31 cm.
=336  \\$atext$2rdacontent
=337  \\$aunmediated$2rdamedia
=338  \\$avolume$2rdacarrier
=490  1\$aDenkmalpflege und Forschung in Westfalen ;$vBd. 38
=500  \\$aReprint. Originally published: Hessen : Glückauf, 1942, under title: Der Siedlungsaufbau im Ruhrkohlenbezirk.
=504  \\$aIncludes bibliographical references (p. 232-233, p. xxxi-xxxviii).
=650  \0$aArchitecture, Domestic$zGermany$zRuhr (Region)
=650  \0$aDwellings$zGermany$zRuhr (Region)
=650  \0$aVernacular architecture$zGermany$zRuhr (Region)
=700  1\$aDautermann, Christoph.
=700  1\$aSpohn, Thomas.
=830  \0$aDenkmalpflege und Forschung in Westfalen ;$vBd. 38.
=852  41$aBritish Library$bHMNTS$mX.0415/300 (38)
=CAT  \\$a12181$b40$c20061013$lBLL01$h1814
=CAT  \\$a12181$b40$c20061020$lBLL01$h1530
=CAT  \\$aBATCH-UPD$b40$c20061020$lBLL01$h1531
=CAT  \\$aBATCH$b00$c20091217$lBLL01$h0434
=CAT  \\$aBATCH$b00$c20100103$lBLL01$h1228
=CAT  \\$aBATCH-UPD$b00$c20100728$lBLL01$h1713
=CAT  \\$aBATCH-UPD$b00$c20190714$lBLL01$h2052
=FIN  \\$aY$d20061020
=SID  \\$aZ39$bRLG
=LAS  \\$aBATCH-UPD$b00$c20190714$lBLL01$h2052

