=LDR  01821aam a2200493 a 4500
=001  013579052
=003  Uk
=005  20070301213647.0
=008  060905s2007\\\\ne\a\\\\\b\\\\001\0\eng\\
=FMT  \\$a  BK
=010  \\$a  2006043095
=015  \\$aGBA688580$2bnb
=016  7\$a013579052$2Uk
=020  \\$a9789004155671 (hbk.) :$cNo price
=020  \\$a9004155678 (hbk.) :$cNo price
=040  \\$aStDuBDS$beng$cStDuBDS$dUk
=042  \\$aukblsr
=043  \\$aaw-----$aff-----$ae-sp---
=050  00$aDS36.855$b.F76 2007
=082  00$a956.014$222
=245  00$aFrom al-Andalus to Khurasan :$bdocuments from the medieval Muslim world /$cedited by Petra M. Sijpesteijn ... [et al.].
=260  \\$aLeiden :$bBrill ;$aBiggleswade :$bExtenza Turpin [distributor],$c2007.
=300  \\$axxviii, 252 p. :$bill. ;$c25 cm.
=336  \\$atext$2rdacontent
=337  \\$aunmediated$2rdamedia
=338  \\$avolume$2rdacarrier
=490  1\$aIslamic history and civilization. Studies and texts,$x0929-2403 ;$vv. 66
=500  \\$aFormerly CIP.$5Uk
=504  \\$aIncludes bibliographical references and index
=650  \0$aCivilization, Islamic$vSources.
=700  1\$aSijpesteijn, Petra.
=830  \0$aIslamic history and civilization.$pStudies and texts,$x0929-2403 ;$vv. 66
=852  41$aBritish Library$bHMNTS$kZA.9.a.5237(66)
=BUF  \\$aN$d20070124
=CAT  \\$aBATCH-CIP$b00$c20061017$lBLL01$h1701
=CAT  \\$aBATCH$b00$c20061017$lBLL01$h1703
=CAT  \\$aBATCH$b00$c20061017$lBLL01$h1708
=CAT  \\$a8197$b40$c20070124$lBLL01$h1116
=CAT  \\$aBATCH-BUOC$b00$c20070301$lBLL01$h2136
=CAT  \\$aBATCH$b00$c20091217$lBLL01$h0435
=CAT  \\$aBATCH$b00$c20100103$lBLL01$h1229
=CAT  \\$aWR16_021$c20160616$lBLL01$h1805
=FIN  \\$aY$d20070124
=LAS  \\$aWR16_021$b00$c20160616$lBLL01$h1805

