=LDR  01908cas a22004457i 4500
=001  013579285
=003  Uk
=005  20220211115601.0
=007  ta
=008  061018d20032014enkar\\\\\\\\\0\\\a0eng\\
=FMT  \\$a  SE
=040  \\$aUk$beng$cUk$dUk$erda
=082  04$a338.4764794$222
=110  2\$aInterContinental Hotels Group.
=240  10$aAnnual review and summary financial statement (InterContinental Hotels Group)
=245  10$aAnnual review and summary financial statement ... /$cInterContinental Hotels Group.
=246  13$aAnnual report and financial statements
=264  \1$aDenham, Buckinghamshire :$bInterContinental Hotels Group plc,$c[2004]-2014
=300  \\$av. :$bcol. ill., col. ports. ;$c24-30 cm.
=336  \\$atext$2rdacontent
=337  \\$aunmediated$2rdamedia
=338  \\$avolume$2rdacarrier
=362  1\$a2003-
=588  \\$aLatest issue consulted: Annual report and financial statements, 2011.
=610  20$aInterContinental Hotels Group$vPeriodicals.
=650  \0$aCorporation reports$zGreat Britain$vPeriodicals.
=650  \0$aBusiness planning$zGreat Britain$vPeriodicals.
=690  7\$aManagement and Business Studies$2blcoll
=852  11$aBritish Library$bSTI$cBIPC$kBIS$3(2003)-(2014)
=985  \\$aExisting for a PLC annual report. All [Annual reports, financial reports, etc.] for InterContinental Hotels Group to be accessioned here until body name changes and a new style Company financial reports record can be created.
=985  \\$aCompany financial reports record.
=CAT  \\$a8124$b40$c20061018$lBLL01$h0808
=CAT  \\$a12179$b40$c20061023$lBLL01$h1112
=CAT  \\$a8871$b40$c20070621$lBLL01$h1025
=CAT  \\$a11315$b40$c20140923$lBLL01$h1407
=CAT  \\$aBATCH-UPD$b40$c20151018$lBLL01$h0907
=CAT  \\$a6490$b40$c20220211$lBLL01$h1156
=FIN  \\$aY$d20061018
=TCO  \\$aCLA$bCLA$c008
=LAS  \\$a6490$b40$c20220211$lBLL01$h1156

