=LDR  01795 am a2200409 a 4500
=001  013582837
=003  Uk
=005  20110615094907.0
=008  890830m19801981th\a\\\\\be\\\001\0\thao\
=FMT  \\$a  BK
=020  \\$a9747919044
=040  \\$aUk$beng$dUk
=042  \\$aukblsr
=082  04$a959.3041$220
=245  00$aSārānukrom Phrabāt Somdet Phra Mongkutklao Čhaoyūhūa.
=260  \\$aKrungthēp [Bangkok] :$bKhana Kammakān Chalō̜ng Wan Phrabō̜rommarātchasomphop Khrop 8 Rō̜p læ 100 Pī khō̜ng Phrabāt Somdet Phra Mongkutklao Čhaoyūhūa,$c2523-2524 [1980-1981]
=300  \\$a2 v. :$bill. (some col.) ;$c27 cm.
=336  \\$atext$2rdacontent
=337  \\$aunmediated$2rdamedia
=338  \\$avolume$2rdacarrier
=500  \\$aIn Thai.
=500  \\$a"Čhatphim pen ʿanusō̜n nai ngān pœ̄t Hō̜ Wachirāwuthānusō̜n wan thī 1 Makarākhom, Phutthasakkarāt 2524."
=520  \\$aEncyclopedia of life and works of Vajiravudh, King of Siam, 1881-1925.
=504  \\$aIncludes bibliographical references.
=505  0\$av. 1. K-M - v. 2. Y-ʿA
=600  00$aVajiravudh,$cKing of Siam,$d1881-1925$vEncyclopedias.
=700  0\$aVajiravudh,$cKing of Siam,$d1881-1925.
=710  2\$aKhana Kammakān Chalō̜ng Wan Phrabō̜rommarātchasomphop Khrop 8 Rō̜p læ 100 Pī khō̜ng Phrabāt Somdet Phra Mongkutklao Čhaoyūhūa (Thailand)
=852  11$aBritish Library$bOC$cSPHOA$kOIJ959.304
=CAT  \\$a12282$b40$c20061024$lBLL01$h1105
=CAT  \\$a12282$b40$c20061024$lBLL01$h1108
=CAT  \\$a12282$b40$c20061024$lBLL01$h1116
=CAT  \\$a1722$b40$c20080501$lBLL01$h1416
=CAT  \\$a12282$b40$c20110615$lBLL01$h0949
=FIN  \\$aY$d20061024
=SRC  \\$aBLL02$bpart.2.ak
=LAS  \\$a12282$b40$c20110615$lBLL01$h0949

