=LDR  01156ccm a2200361 a 4500
=001  013586265
=003  Uk
=005  20230404142111.0
=008  050907s2001\\\\sz\||ae|\||||||n\\|\zxx\d
=FMT  \\$a  MU
=010  \\$a2005458950
=028  32$aPVH 578$bPizzicato Verlag Helvetia
=035  \\$a(OCoLC)ocm57724018
=040  \\$aINU$beng$cINU$dDLC$dUk
=050  00$aM297$b.G
=082  04$a785.4419218945$222
=100  1\$aGagnebin, Henri,$d1886-1977.
=240  10$aRhapsody,$mflute, pedal harp
=245  10$aRhapsodie pour flûte et harpe /$cHenri Gagnebin.
=260  \\$aAdliswil :$bPizzicato Verlag Helvetia,$cc2001.
=300  \\$a1 score (12 p.) + 1 part (4 p.) ;$c31 cm.
=336  \\$anotated music$2rdacontent
=337  \\$aunmediated$2rdamedia
=338  \\$avolume$2rdacarrier
=650  \0$aFlute and harp music$vScores and parts.
=650  \0$aRhapsodies (Music)
=852  41$aBritish Library$bDSC$cMUSIC
=CAT  \\$a8870$b40$c20061026$lBLL01$h1041
=CAT  \\$a8870$b40$c20061026$lBLL01$h1053
=CAT  \\$aMFISHER$b40$c20230404$lBLL01$h1421
=FIN  \\$aY$d20061026
=SID  \\$aZ39$bLOC
=LAS  \\$aMFISHER$b40$c20230404$lBLL01$h1421

