=LDR  01074 as a2200337 a 4500
=001  013586718
=003  Uk
=005  20061026145938.0
=007  ta
=008  061026c199u9999enkuu\p\\\\\\\0\\\a0eng\\
=FMT  \\$a  SE
=040  \\$aUk$beng$cUk
=042  \\$aukblsr
=082  04$a338.272805$222
=110  20$aSasol (Firm)
=245  10$aSasol facts :$byour quick guide to the world of Sasol.
=260  \\$a[Great Britain] :$bSasol Group
=300  \\$av. :$bcol. ill. ;$c15 x 21 cm.
=336  \\$atext$2rdacontent
=337  \\$aunmediated$2rdamedia
=338  \\$avolume$2rdacarrier
=500  \\$aDescription based on: 2006 edition.
=610  20$aSasol (Firm)$vPeriodicals.
=690  7\$aManagement and Business Studies$2blcoll
=852  41$aBritish Library$bSTI$cBIPC$kBIPC Trade Literature Collection$3Year 2006-(2012/2013)
=CAT  \\$a8483$b40$c20061026$lBLL01$h1459
=CAT  \\$aBATCH-UPD$b40$c20141012$lBLL01$h1006
=CAT  \\$aBATCH-MBS$c20161028$lBLL01$h2114
=FIN  \\$aY$d20061026
=TCO  \\$aCLA$bCLA$c008
=LAS  \\$aBATCH-MBS$b00$c20161028$lBLL01$h2114

