=LDR  01139 cm a2200349 a 4500
=001  013589056
=003  Uk
=005  20061031112059.0
=008  060504s1996\\\\enk||z\|\||||||n\\|\zxx\d
=FMT  \\$a  MU
=028  32$a3105$bBrass Wind Publications
=040  \\$aCOO$cCOO$dUk
=082  04$a788.93$222
=100  1\$aBourgeois, Derek.
=240  10$aFantasy pieces,$mtrombone
=245  10$aFantasy pieces :$bfor trombone /$cDerek Bourgeois.
=260  \\$aOakham :$bBrass Wind Publications,$cc1996.
=300  \\$a17 p. ;$c30 cm.
=336  \\$anotated music$2rdacontent
=337  \\$aunmediated$2rdamedia
=338  \\$avolume$2rdacarrier
=500  \\$a9 pieces for trombone solo.
=500  \\$a"Written originally as test pieces for the National Youth Orchestra"--Composer's note.
=500  \\$aPerformance notes by Christopher Mowat.
=650  \0$aTrombone music.
=700  1\$aMowat, Christopher.
=852  41$aBritish Library$bDSC$cMUSIC
=CAT  \\$a8870$b40$c20061031$lBLL01$h1120
=CAT  \\$aBATCH-UPD$b40$c20131220$lBLL01$h0326
=FIN  \\$aY$d20061031
=SID  \\$aZ39$bOCLC
=LAS  \\$aBATCH-UPD$b40$c20131220$lBLL01$h0326

