=LDR  02755 as a2200601 a 4500
=001  013589391
=003  Uk
=005  20130930103649.0
=007  ta
=008  061031d20052009enkar\p\\\s\\\0\\\a0eng\\
=FMT  \\$a  SE
=040  \\$aUk$beng$cUk$dUk
=082  04$a658.408$222
=245  04$aThe Total Group in the UK :$benvironment, safety and social responsibility report.
=246  3\$aTotal Group in the United Kingdom
=246  30$aEnvironment, safety and social responsibility report
=246  1\$iMinor title change:$aTotal in the UK :$benvironment and social responsibility report
=260  \\$aLondon :$bTotal Holdings UK Limited,$c2005-2009.
=300  \\$av. :$bcol. ill., col. maps, col. ports. ;$c30 cm.
=336  \\$atext$2rdacontent
=337  \\$aunmediated$2rdamedia
=338  \\$avolume$2rdacarrier
=362  0\$a2005-2009.
=500  \\$aIssues have also individual titles.
=588  \\$aLatest issue consulted: 2009.
=610  20$aTotal Holdings UK$vPeriodicals.
=650  \0$aEnvironmental responsibility$zGreat Britain$vPeriodicals.
=650  \0$aSocial responsibility of business$zGreat Britain$vPeriodicals.
=650  \0$aPetroleum industry and trade$xEnvironmental aspects$zGreat Britain$vPeriodicals.
=650  \0$aGas industry$xEnvironmental aspects$zGreat Britain$vPeriodicals.
=650  \0$aPetroleum industry and trade$xEnvironmental aspects$zGreat Britain$vStatistics$vPeriodicals.
=650  \0$aGas industry$xEnvironmental aspects$zGreat Britain$vStatistics$vPeriodicals.
=650  \0$aPetroleum industry and trade$zGreat Britain$xSafety measures$vPeriodicals.
=650  \0$aGas industry$zGreat Britain$xSafety measures$vPeriodicals.
=690  7\$aManagement and Business Studies$2blcoll
=710  2\$aTotal Holdings UK.
=780  00$tSharing our energies
=785  00$tUK environment and social responsibility report
=852  11$aBritish Library$bSTI$cBIPC$kBIPC Trade Literature Collection$32005-2009***Current issue
=CAT  \\$a8871$b40$c20061031$lBLL01$h1511
=CAT  \\$a9572$b40$c20061102$lBLL01$h1024
=CAT  \\$a11439$b40$c20061116$lBLL01$h1332
=CAT  \\$a11439$b40$c20061116$lBLL01$h1338
=CAT  \\$a11439$b40$c20061116$lBLL01$h1341
=CAT  \\$a11439$b40$c20061116$lBLL01$h1342
=CAT  \\$aBATCH$b00$c20090624$lBLL01$h1719
=CAT  \\$aBATCH690$c20100715$lBLL01$h2103
=CAT  \\$aBATCH-MBS$c20100716$lBLL01$h2048
=CAT  \\$a11205$b40$c20130930$lBLL01$h1036
=FIN  \\$aY$d20061031
=LKR  \\$aPAR$b013257909$lBLL01$r78000$mThe Total Group in the UK : environment, safety and social responsibility report.$nSharing our energies : corporate social responsibility report ... /
=TCO  \\$aCLA$bCLA$c008
=LAS  \\$a11205$b40$c20130930$lBLL01$h1036

