=LDR  01349cam a2200409 a 4500
=001  013592991
=003  Uk
=005  20230929215036.0
=008  050516s2005\\\\nyuac\\\\\\\\\000\0\eng\d
=FMT  \\$a  BK
=040  \\$aCTC$cCTC$dUk
=042  \\$aukblsr
=050  \4$aK4440$bB47 2005
=082  04$a332.45$222
=245  00$aBest practice in foreign exchange markets.
=260  \\$a[New York] :$bFX Alliance in association with Euromoney,$cc2005.
=300  \\$a44 p. :$bcol. ill., col. port. ;$c21 cm.
=336  \\$atext$2rdacontent
=337  \\$aunmediated$2rdamedia
=338  \\$avolume$2rdacarrier
=500  \\$aTitle taken from the cover.
=650  00$aForeign exchange market.
=650  00$aForeign exchange$xAutomation.
=650  00$aForeign exchange market$xAutomation.
=690  7\$aManagement and Business Studies$2blcoll
=710  2\$aFXall (Firm)
=710  2\$aEuromoney Institutional Investor PLC.
=852  71$aBritish Library$bSTI$2blsrissc
=CAT  \\$a10958$b40$c20061103$lBLL01$h1146
=CAT  \\$a10958$b40$c20061103$lBLL01$h1147
=CAT  \\$a5751$b40$c20061109$lBLL01$h1329
=CAT  \\$a5751$b40$c20061110$lBLL01$h1353
=CAT  \\$aW2308-1659$c20230923$lBLL01$h0929
=CAT  \\$aBATCH-MBS$c20230929$lBLL01$h2150
=FIN  \\$aY$d20061110
=SID  \\$aZ39$bOCLC
=LAS  \\$aBATCH-MBS$b00$c20230929$lBLL01$h2150

