=LDR  01040cas a22003257a 4500
=001  013632425
=003  Uk
=005  20070105134106.0
=007  ta
=008  061228c19uu9999ie\ar\\\\\\\\\0\\\a0eng\\
=FMT  \\$a  SE
=040  \\$aUk$beng$cUk
=110  2\$aVhi Healthcare.
=240  10$aAnnual report and accounts (Vhi Healthcare)
=245  10$aAnnual report and accounts /$cVhi Healthcare.
=246  3\$aVhi Healthcare annual report and accounts
=260  \\$aDublin :$bVhi Healthcare
=300  \\$av. :$bcol. ill., ports. (some col.) ;$c30 cm.
=336  \\$atext$2rdacontent
=337  \\$aunmediated$2rdamedia
=338  \\$avolume$2rdacarrier
=500  \\$aDescription based on: 2006 issue.
=610  20$aVhi Healthcare$vPeriodicals.
=610  20$aVhi Healthcare$xFinance$vPeriodicals.
=852  11$aBritish Library$bSTI$cBIPC$kBIS$32006-2017
=CAT  \\$a8323$b40$c20061228$lBLL01$h1347
=CAT  \\$a9572$b40$c20070105$lBLL01$h1341
=FIN  \\$aY$d20061228
=TCO  \\$aIRL$bICLA$c008
=LAS  \\$a9572$b40$c20070105$lBLL01$h1341

