=LDR  01151 am a2200349 a 4500
=001  013637710
=003  Uk
=005  20070124130018.0
=008  070108s2006\\\\gw\a\\\\\\\\\\000\0\ger\\
=020  \\$a9783609650630 (pbk.)
=020  \\$a360965063X (pbk.)
=040  \\$aUk$beng$cUk
=042  \\$aukblsr
=082  04$a344.0472$222
=100  1\$aMüller, N.$q(Norbert),$d1960-
=245  10$aGHS - das neue Chemikalienrecht :$bvergleichende Gegenüberstellung mit Kommentar /$cN. Müller.
=260  \\$aLandsberg :$bEcomed Sicherheit,$cc2006.
=300  \\$a132 p. :$bill. ;$c19 cm.
=336  \\$atext$2rdacontent
=337  \\$aunmediated$2rdamedia
=338  \\$avolume$2rdacarrier
=610  20$aUnited Nations.
=650  \0$aHazardous substances$xClassification.
=650  \0$aHazardous substances$xHealth aspects.
=650  \0$aHazardous substances$xLabeling.
=650  \0$aHazardous substances$xLaw and legislation.
=852  11$aBritish Library$bSTI$k(B)344.0472
=CAT  \\$a6098$b40$c20070108$lBLL01$h1338
=CAT  \\$a6470$b40$c20070124$lBLL01$h1300
=FIN  \\$aY$d20070124
=FMT  \\$a  BK
=LAS  \\$a6470$b40$c20070124$lBLL01$h1300

