=LDR  01487 am a22003737a 4500
=001  013641296
=003  Uk
=005  20070110173623.0
=008  070110s2006\\\\gw\a\\\\\b\\\\000\0\eng\\
=040  \\$aUk$beng$cUk
=100  1\$aActis, S.
=245  10$aTwo-loop renormalization in the standard model /$cS. Actis, G. Passarino ... [et al.]
=260  \\$aHamburg :$bDeutsches Elektronen-Synchrotron,$c2006.
=300  \\$a3 v. :$bill. ;$c30 cm.
=336  \\$atext$2rdacontent
=337  \\$aunmediated$2rdamedia
=338  \\$avolume$2rdacarrier
=490  1\$aDESY (Series),$x0418-9833 ;$v223-225
=504  \\$aIncludes bibliographical references.
=505  0\$aPt. I. Prolegomena / Stefano Actis ... [et al] -- Pt. II. Renormalisation procedures and computational techniques / Stefano Actis, Giampiero Passarino -- Pt. III. Renormalisation equations and their solutions / Stefano Actis, Giampiero Passarino.
=700  1\$aActis, Stefano.
=700  1\$aPassarino, G.$q(Giampiero)
=830  \0$aDESY (Series),$x0418-9833 ;$v223-225
=852  41$aBritish Library$bDSC$ipt. III
=852  41$aBritish Library$bDSC$ipt. II
=852  41$aBritish Library$bDSC$ipt. I
=CAT  \\$a8411$b40$c20070110$lBLL01$h1649
=CAT  \\$a11070$b40$c20070110$lBLL01$h1732
=CAT  \\$a11070$b40$c20070110$lBLL01$h1736
=CAT  \\$aBATCH$b00$c20091217$lBLL01$h0443
=CAT  \\$aBATCH$b00$c20100103$lBLL01$h1237
=FIN  \\$aY$d20070110
=FMT  \\$a  BK
=LAS  \\$aBATCH$b00$c20100103$lBLL01$h1237

