=LDR  01430 am a22003617a 4500
=001  013643165
=003  Uk
=005  20070328140900.0
=008  990407s1634\\\\it\\\\\\\\\\\\000\0\hebrd
=040  \\$aPU$cPU$dUK
=066  \\$c(2
=100  1\$6880-01$aMassarani, Abramo
=245  10$6880-02$aSefer ha-galut ṿeha-pedut :$byavoʾu bo kol sipure milḥemet Manṭovah ṿeha-magefah asher haytah bah ṿeha-gerush ha-mar asher gorshu ha-yehudim.
=246  30$6880-03$aGalut ṿeha-pedut
=260  \\$6880-04$a[Venice,$c1634]
=336  \\$atext$2rdacontent
=337  \\$aunmediated$2rdamedia
=338  \\$avolume$2rdacarrier
=650  \0$aJews$zItaly$zMantua$xHistory.
=752  \\$aItaly$dVenice.
=852  41$aBritish Library$bOC$i1938.d.27
=880  1\$6100-01/(2/r$aמסראן, אברהם.
=880  10$6245-02/(2/r$aספר הגלות והפדות :$bיבאו בו כל ספורי מלחמת מנטובה והמגפה אשר היתה בה והגירוש המר אשר גורשו היהודים.
=880  30$6246-03/(2/r$aגלות והפדות
=880  \\$6260-04/(2/r$aויניציאה,$dשצ"ד.
=985  \\$aCorrected by BSS-generated file for WR# 12/016
=CAT  \\$a12612$b40$c20070112$lBLL01$h1623
=CAT  \\$a4039$b40$c20070328$lBLL01$h1409
=CAT  \\$aBLSS-CORR$b00$c20120215$lBLL01$h1616
=FIN  \\$aY$d20070112
=FMT  \\$a  BK
=LAS  \\$aBLSS-CORR$b00$c20120215$lBLL01$h1616
=SID  \\$aZ39$bRLG

