=LDR  01422 as a2200421 a 4500
=001  013646725
=003  Uk
=005  20120430085652.0
=007  ta
=008  070117d20022007cauar\\\\\\\\\0\\\a0eng\\
=040  \\$aUk$beng$cUk
=042  \\$aukblsr
=046  \\$at$c2003$e9999
=082  04$a658.408$222
=110  2\$aChevron Corporation.
=240  10$aCorporate responsibility report (Chevron Corporation)
=245  10$aCorporate responsibility report /$cChevron.
=246  1\$iTitle of short duration:$aCorporate responsibility update$f2003
=246  3\$aCR report
=260  \\$aSan Ramon :$bChevron,$c[2003]-2007.
=300  \\$av. :$bcol. ill., col. ports. ;$c28 cm.
=310  \\$aAnnual
=336  \\$atext$2rdacontent
=337  \\$aunmediated$2rdamedia
=338  \\$avolume$2rdacarrier
=362  1\$aBegan with 2002 issueand ceased in (2007)
=500  \\$aDescription based on: 2005 issue.
=530  \\$aAlso available via the Internet.
=610  20$aChevron Corporation$vPeriodicals.
=650  \0$aSocial responsibility of business$vPeriodicals.
=650  \0$aEnvironmental responsibility$vPeriodicals.
=852  11$aBritish Library$bSTI$cBIPC$kBIPC Trade Literature Collection$3(2005)-(2007)
=CAT  \\$a8323$b40$c20070117$lBLL01$h1356
=CAT  \\$a7792$b40$c20120430$lBLL01$h0856
=FIN  \\$aY$d20070117
=FMT  \\$a  SE
=LAS  \\$a7792$b40$c20120430$lBLL01$h0856
=TCO  \\$aTRS$bCCC$c008

