=LDR  01167 am a2200289 a 4500
=001  013668075
=003  Uk
=005  20070208163858.0
=008  070208c20079999xx\a\\\\\b\\\\001\0\eng\\
=040  \\$aUk$beng$cUk
=082  04$a915.4016$220
=110  2\$aBritish Library.$bAsia, Pacific & Africa Collections.
=245  10$aLists of gazetteers in the India Office Library.
=260  \\$c[2007]-
=300  \\$a1 v. (looseleaf) :$bill. ;$c31 cm.
=336  \\$atext$2rdacontent
=337  \\$aunmediated$2rdamedia
=338  \\$avolume$2rdacarrier
=500  \\$aIn post binder.
=505  0\$apt. 1. Gazetteers of India in the British period - pt. 2. A-Z list (includes a list of former shelfmarks) - pt. 3. Index to the list of district gazetteers in the India Office Library - pt. 4. List of district gazetteers : Andaman Islands to the United Provinces.
=610  20$aBritish Library.$bAsia, Pacific & Africa Collections.$vCatalogs.
=651  \0$aIndia$xGazetteers$vBibliography$vCatalogs.
=852  11$aBritish Library$bOC$cSPHOA$kOIH915.4
=CAT  \\$a1722$b40$c20070208$lBLL01$h1638
=FIN  \\$aY$d20070208
=FMT  \\$a  BK
=LAS  \\$a1722$b40$c20070208$lBLL01$h1638

