=LDR  02156ccm a2200541 a 4500
=001  013675431
=003  Uk
=005  20070216160534.0
=008  031113r20031792fr\zzae\\hi\\\\n\\\\zxx\d
=FMT  \\$a  MU
=010  \\$a2004560727
=024  2\$aM230658706
=028  32$a5870$bFuzeau
=035  \\$a(OCoLC)ocm53423271
=040  \\$aZJS$cZJS$dDLC$dUk
=041  0\$geng$gfre$gger
=048  \\$bwa01$bwb01$bba01$bwd01$aoa
=050  00$aM1040.D48$bS49 2003
=082  04$a784.24$222
=100  1\$aDevienne, François,$d1759-1803.
=240  10$aSinfonie concertanti,$mwinds, orchestra,$rF major$n(1789)
=245  10$aQuatrième symphonie concertante pour flûte, hautbois, cor et basson 1789 /$cFrançois Devienne.
=260  \\$aCourlay, France :$bFuzeau,$cc2003.
=300  \\$a1 score (63 p.) + 12 parts ;$c33 cm. +$e1 commentary (xx p.).
=336  \\$anotated music$2rdacontent
=337  \\$aunmediated$2rdamedia
=338  \\$avolume$2rdacarrier
=490  1\$aFac-similé Jean-Marc Fuzeau
=490  1\$aMusique française classique de 1650 à 1800
=500  \\$aFor flute, oboe, horn, and bassoon soloists with orchestra.
=500  \\$aTitle from container.
=500  \\$aComposed in 1789; 1st ed. published probably 1792 (cf. commentary p. vii).
=500  \\$aReprint (parts only). Originally published: Paris: Imbault, 1792?. With score reconstructed from parts.
=500  \\$aReproduced from a copy in the Universitätsbibliothek Münster.
=500  \\$aCommentary in French, English, and German.
=650  \0$aBassoon, flute, horn, oboe with orchestra$vScores and parts.
=830  \0$aFac-similé Jean-Marc Fuzeau.
=830  \0$aMusique française classique de 1650 à 1800.
=852  41$aBritish Library$bDSC$cMUSIC
=CAT  \\$a8870$b40$c20070216$lBLL01$h1605
=CAT  \\$aBATCH$b00$c20091217$lBLL01$h0447
=CAT  \\$aBATCH$b00$c20100103$lBLL01$h1240
=CAT  \\$aBATCH-UPD$b00$c20130623$lBLL01$h2242
=CAT  \\$aBATCH-UPD$b00$c20160508$lBLL01$h2126
=CAT  \\$aBATCH-UPD$b00$c20220409$lBLL01$h1744
=FIN  \\$aY$d20070216
=SID  \\$aZ39$bLOC
=LAS  \\$aBATCH-UPD$b00$c20220409$lBLL01$h1744

