=LDR  01031 as a22003257a 4500
=001  013696767
=003  Uk
=005  20100510135143.0
=007  ta
=008  070315d200u200uenkuu\p\\\\\\\0\\\a0eng\\
=040  \\$aUk$beng$cUk
=245  00$aWS :$bthe seasonal magazine from Weber Shandwick.
=246  3\$aWeber Shandwick
=260  \\$aLondon :$bWeber Shandwick
=300  \\$av. :$bcol. ill., col. ports. ;$c21 cm.
=336  \\$atext$2rdacontent
=337  \\$aunmediated$2rdamedia
=338  \\$avolume$2rdacarrier
=500  \\$aDescription based on: AW 2006 issue.
=610  20$aWeber Shandwick$vPeriodicals.
=650  \0$aPublic relations$vPeriodicals.
=710  2\$aWeber Shandwick.
=852  11$aBritish Library$bSTI$cBIPC$kBIPC Trade Literature Collection$3(2006)-(2007)
=CAT  \\$a8871$b40$c20070315$lBLL01$h1548
=CAT  \\$a12179$b40$c20070319$lBLL01$h1431
=CAT  \\$a7792$b40$c20100510$lBLL01$h1351
=FIN  \\$aY$d20070315
=FMT  \\$a  SE
=LAS  \\$a7792$b40$c20100510$lBLL01$h1351
=TCO  \\$aCLA$bCLA$c008

