=LDR  01238ccm a2200337 a 4500
=001  013697075
=003  Uk
=005  20070516161442.0
=008  020129s1827\\\\enk||z\|\||||||n\\|\zxx\\
=FMT  \\$a  MU
=028  22$a3056$bS. Chappell
=040  \\$aUk$beng$cUk
=082  04$a786.2183$222
=100  1\$aDussek, Johann Ladislaus,$d1760-1812.
=240  10$aSonatas,$mpiano,$nop. 24,$rB flat major
=245  12$aA new & improved edition of Dussek's celebrated sonata for the piano forte,$bdedicated to Mrs. Chinnery. Op. 24.
=260  \\$aLondon :$bS. Chappell,$c[1827?]
=300  \\$a10 p. ;$c34 cm.
=336  \\$anotated music$2rdacontent
=337  \\$aunmediated$2rdamedia
=338  \\$avolume$2rdacarrier
=650  \0$aSonatas (Piano)
=852  41$aBritish Library$bMUSIC$hh.726.y.(5.)
=985  \\$a1st ed. Longman & Broderip 1793. Address ca. 1826-30. Pl. no. 1826/27 (Neighbour & Tyson)"NB Removed from N⁰ 50"
=CAT  \\$a12418$b40$c20070316$lBLL01$h1150
=CAT  \\$a2219$b40$c20070516$lBLL01$h1601
=CAT  \\$a2219$b40$c20070516$lBLL01$h1614
=CAT  \\$aBATCH-UPD$b40$c20070901$lBLL01$h1804
=CAT  \\$aBATCH-UPD$b40$c20211002$lBLL01$h1717
=FIN  \\$aY$d20070516
=LAS  \\$aBATCH-UPD$b40$c20211002$lBLL01$h1717

