=LDR  01457 am a2200397 a 4500
=001  013700380
=003  Uk
=005  20070404153155.0
=008  070321s2007\\\\gw\a\\\\\b\\\\001\0\eng\\
=020  \\$a9783183309184 (pbk.)
=040  \\$aUk$beng$cUk
=042  \\$aukblsr
=082  04$a620.118$222
=100  1\$aKari, Sreedhar
=245  10$aMicromechanical modelling and numerical homogenization of fibre and particle reinforced composites /$cSreedhar Kari.
=260  \\$aDusseldorf :$bVDI Verlag,$c2007.
=300  \\$axi, 140 p. :$bill. ;$c21 cm.
=336  \\$atext$2rdacontent
=337  \\$aunmediated$2rdamedia
=338  \\$avolume$2rdacarrier
=490  1\$aFortschritt-Berichte VDI. Reihe 18, Mechanik/Bruchmechanik,$x0178-9457 ;$vnr. 308
=504  \\$aIncludes bibliographical references.
=650  \0$aMicromechanics$xData modelling.
=650  \0$aComposite materials.
=650  \0$aPiezoelectric materials.
=830  \0$aFortschritt-Berichte VDI.$nReihe 18,$pMechanik/Bruchmechanik,$x0178-9457 ;$vnr. 308
=852  11$aBritish Library$bHMNTS$k(P)$hSD 40$m-G(1)$inr.309
=CAT  \\$a6098$b40$c20070321$lBLL01$h1025
=CAT  \\$a6098$b40$c20070321$lBLL01$h1026
=CAT  \\$a11070$b40$c20070322$lBLL01$h1759
=CAT  \\$a11306$b40$c20070404$lBLL01$h1531
=CAT  \\$aBATCH$b00$c20091217$lBLL01$h0450
=CAT  \\$aBATCH$b00$c20100103$lBLL01$h1243
=FIN  \\$aY$d20070322
=FMT  \\$a  BK
=LAS  \\$aBATCH$b00$c20100103$lBLL01$h1243

