=LDR  01416 am a2200397 a 4500
=001  013702074
=003  Uk
=005  20070405095252.0
=008  060131s2005\\\\pl\\\\\\\b\\\\000\0\pol\d
=020  \\$a8322926065
=020  \\$a9788322926062
=040  \\$aGZM$bpol$cGZM$dUk
=245  00$aAksjotyczne przestrzenie kultury /$cpod redakcją Renaty Tań́czuk i Doroty Wolskiej.
=260  \\$aWrocław :$bWydawn. Uniwersytetu Wrocławskiego,$c2005.
=300  \\$a481 p. ;$c24 cm.
=336  \\$atext$2rdacontent
=337  \\$aunmediated$2rdamedia
=338  \\$avolume$2rdacarrier
=490  1\$aPrace kulturoznawcze,$x0860-6668 ;$v9
=490  1\$aActa Universitatis Wratislaviensis,$x0239-6661 ;$vNo. 2745
=504  \\$aIncludes bibliographical references.
=650  \0$aCulture$xPhilosophy.
=650  \0$aCivilization$xPhilosophy.
=700  1\$aTańczuk, Renata.
=700  1\$aWolska, Dorota.
=830  \0$aPrace kulturoznawcze,$x0860-6668 ;$v9
=830  \0$aActa Universitatis Wratislaviensis,$x0239-6661 ;$vNo. 2745
=852  41$aBritish Library$bHMNTS$iAc.868.c/3(2745)
=CAT  \\$a12420$b40$c20070323$lBLL01$h1347
=CAT  \\$a10695$b40$c20070405$lBLL01$h0952
=CAT  \\$aBATCH$b00$c20091217$lBLL01$h0450
=CAT  \\$aBATCH$b00$c20100103$lBLL01$h1243
=CAT  \\$aBATCH-UPD$b00$c20120906$lBLL01$h2021
=FIN  \\$aY$d20070405
=FMT  \\$a  BK
=LAS  \\$aBATCH-UPD$b00$c20120906$lBLL01$h2021

