=LDR  01560 am a2200397 a 4500
=001  013729583
=003  Uk
=005  20070529092604.0
=008  070424s2007\\\\gw\ac\\\\b\\\\101\0\eng\\
=040  \\$aUk$beng$cUk
=042  \\$aukblsr
=082  04$a551.31$222
=111  2\$aInternational Conference on the Physics and Chemistry of Ice.
=245  10$a11th International Conference on the Physics and Chemistry of Ice (PCI-2006) :$bBremerhaven, Germany, 23-28 July, 2006, abstracts /$cedited by Frank Wilhelms and Werner F. Kuhs.
=260  \\$aBremerhaven :$bAlfred-Wegener-Institut für Polar- und meeresforschung,$c2007.
=300  \\$axiii, 214 p. :$bill., ports. ;$c24 cm.
=336  \\$atext$2rdacontent
=337  \\$aunmediated$2rdamedia
=338  \\$avolume$2rdacarrier
=490  1\$aBerichte zur Polar- und Meeresforschung$v549
=504  \\$aIncludes bibliographical references and index.
=650  \0$aIce$vCongresses.
=700  1\$aWilhelms, Frank.
=700  1\$aKuhs, Werner F.
=830  \0$aBerichte zur Polar- und Meeresforschung ;$v549.
=852  71$aBritish Library$bHMNTS$k(P)$hCA 714$mG-(12)$i549$2blsrissc
=CAT  \\$a6098$b40$c20070424$lBLL01$h1112
=CAT  \\$a11070$b40$c20070518$lBLL01$h1201
=CAT  \\$a11070$b40$c20070518$lBLL01$h1203
=CAT  \\$a10743$b40$c20070529$lBLL01$h0926
=CAT  \\$aBATCH$b00$c20091217$lBLL01$h0453
=CAT  \\$aBATCH$b00$c20100103$lBLL01$h1246
=CAT  \\$aBATCH-UPD$b00$c20180308$lBLL01$h2040
=FIN  \\$aY$d20070518
=FMT  \\$a  BK
=LAS  \\$aBATCH-UPD$b00$c20180308$lBLL01$h2040

