=LDR  01806 am a22004337a 4500
=001  013732393
=003  Uk
=005  20070427175155.0
=008  070426s2007\\\\lu\a\\\\\b\\\\000\0\eng\\
=020  \\$a9789279049552 (pbk.)
=020  \\$z9279049552 (pbk.)
=040  \\$aUk$beng$cUk
=245  00$aEvaluation of the capability of spray forming for the production of very high alloyed steels without necessity of heavy hot working /$cA. Schulz ... [et al.].
=260  \\$aLuxembourg :$bOffice for Official Publications of the European Communities,$c2007.
=300  \\$a254 p. :$bill. (some col.) ;$c30 cm.
=336  \\$atext$2rdacontent
=337  \\$aunmediated$2rdamedia
=338  \\$avolume$2rdacarrier
=490  1\$aTechnical steel research. physical metallurgy and design of new generic steel grades
=490  1\$aEUR,$x1018-5593 ;$v22438 EN
=500  \\$a"Contract no. 7210-PR/364, 1 July 2002 to 30 June 2005".
=500  \\$a"KI-NA-22438-EN-S"--Cover.
=504  \\$aIncludes bibliographical references.
=700  1\$aSchulz, A.
=710  2\$aOffice for Official Publications of the European Communities.
=710  2\$aEuropean Commission.$bDirectorate General for Research.
=830  \0$aEUR (Series) ;$v22438.
=830  \0$aTechnical steel research.$pphysical metallurgy and design of new generic steel grades
=852  41$aBritish Library$bDSC$iOP/EUR 22438
=CAT  \\$a7233$b40$c20070426$lBLL01$h1137
=CAT  \\$a7233$b40$c20070426$lBLL01$h1138
=CAT  \\$a10905$b40$c20070427$lBLL01$h1412
=CAT  \\$a10905$b40$c20070427$lBLL01$h1751
=CAT  \\$aBATCH$b00$c20091217$lBLL01$h0453
=CAT  \\$aBATCH$b00$c20100103$lBLL01$h1246
=CAT  \\$aBATCH-UPD$b00$c20140322$lBLL01$h1741
=FIN  \\$aY$d20070427
=FMT  \\$a  BK
=LAS  \\$aBATCH-UPD$b00$c20140322$lBLL01$h1741

