=LDR  01719 am a22004097a 4500
=001  013732405
=003  Uk
=005  20070427140653.0
=008  070426s2007\\\\lu\a\\\\\b\\\\000\0\eng\\
=020  \\$a9789279050077 (pbk.)
=020  \\$z9279050077 (pbk.)
=040  \\$aUk$beng$cUk
=245  00$aApplication of high-strength steel plates to welded deck components for ships and bridges subjected to medium/high service loads /$cS. Budano.
=260  \\$aLuxembourg :$bOffice for Official Publications of the European Communities,$c2007.
=300  \\$a140 p. :$bill. (some col.) ;$c30 cm.
=336  \\$atext$2rdacontent
=337  \\$aunmediated$2rdamedia
=338  \\$avolume$2rdacarrier
=490  1\$aTechnical steel research. steel products and applications for building, construction and industry
=490  1\$aEUR,$x1018-5593 ;$v22571 EN
=500  \\$a"Contract no. 7210-PR/313, 1 July 2001 to 30 June 2005".
=500  \\$a"KI-NA-22571-EN-S"--Cover.
=504  \\$aIncludes bibliographical references.
=700  1\$aBudano, S.
=710  2\$aOffice for Official Publications of the European Communities.
=710  2\$aEuropean Commission.$bDirectorate General for Research.
=830  \0$aEUR (Series) ;$v22571.
=830  \0$aTechnical steel research.$psteel products and applications for building, construction and industry
=852  41$aBritish Library$bDSC$iOP/EUR 22571
=CAT  \\$a7233$b40$c20070426$lBLL01$h1143
=CAT  \\$a10905$b40$c20070427$lBLL01$h1406
=CAT  \\$aBATCH$b00$c20091217$lBLL01$h0453
=CAT  \\$aBATCH$b00$c20100103$lBLL01$h1246
=CAT  \\$aBATCH-UPD$b00$c20140322$lBLL01$h1741
=FIN  \\$aY$d20070427
=FMT  \\$a  BK
=LAS  \\$aBATCH-UPD$b00$c20140322$lBLL01$h1741

