=LDR  01743 am a22004217a 4500
=001  013732411
=003  Uk
=005  20070427140222.0
=008  070426s2007\\\\lu\a\\\\\b\\\\000\0\eng\\
=020  \\$a9789279046049 (pbk.)
=020  \\$z9279046049 (pbk.)
=040  \\$aUk$beng$cUk
=245  00$aPrediction of hydrogen content in long products based on a new mathematical model and an innovative hydrogen solid-state sensor /$cS. Fera ... [et al.].
=260  \\$aLuxembourg :$bOffice for Official Publications of the European Communities,$c2007.
=300  \\$a133 p. :$bill. (some col.) ;$c30 cm.
=336  \\$atext$2rdacontent
=337  \\$aunmediated$2rdamedia
=338  \\$avolume$2rdacarrier
=490  1\$aTechnical steel research. factory-wide control, social and environmental issues
=490  1\$aEUR,$x1018-5593 ;$v22435 EN
=500  \\$a"Contract no. 7210-PR/357, 1 July 2002 to 31 December 2005".
=500  \\$a"KI-NA-22435-EN-S"--Cover.
=504  \\$aIncludes bibliographical references.
=700  1\$aFera, S.
=710  2\$aOffice for Official Publications of the European Communities.
=710  2\$aEuropean Commission.$bDirectorate General for Research.
=830  \0$aEUR (Series) ;$v22435.
=830  \0$aTechnical steel research.$pfactory-wide control, social and environmental issues
=852  41$aBritish Library$bDSC$iOP/EUR 22435
=CAT  \\$a7233$b40$c20070426$lBLL01$h1145
=CAT  \\$a7233$b40$c20070426$lBLL01$h1146
=CAT  \\$a10905$b40$c20070427$lBLL01$h1402
=CAT  \\$aBATCH$b00$c20091217$lBLL01$h0453
=CAT  \\$aBATCH$b00$c20100103$lBLL01$h1246
=CAT  \\$aBATCH-UPD$b00$c20140322$lBLL01$h1741
=FIN  \\$aY$d20070427
=FMT  \\$a  BK
=LAS  \\$aBATCH-UPD$b00$c20140322$lBLL01$h1741

