=LDR  01700 am a22004217a 4500
=001  013732440
=003  Uk
=005  20070427174956.0
=008  070426s2007\\\\lu\a\\\\\b\\\\000\0\eng\\
=020  \\$a9789279049965 (pbk.)
=020  \\$z9279049965 (pbk.)
=040  \\$aUk$beng$cUk
=245  00$aTransformation behaviour of steel in the in-line hot rolling steel process /$cD. Ponge ... [et al.]
=260  \\$aLuxembourg :$bOffice for Official Publications of the European Communities,$c2007.
=300  \\$a139 p.$bill. (some col.) ;$c30 cm.
=336  \\$atext$2rdacontent
=337  \\$aunmediated$2rdamedia
=338  \\$avolume$2rdacarrier
=490  1\$aTechnical steel research. physical metallurgy and design of new generic steel grades
=490  1\$aEUR,$x1018-5593 ;$v22564 EN
=500  \\$a"Contract no. 7210-PR/348, 1 July 2002 to 31 December 2005".
=500  \\$a"KI-NA-22564-EN-S"--Cover.
=504  \\$aIncludes bibliographical references.
=700  1\$aPonge, D.
=710  2\$aOffice for Official Publications of the European Communities.
=710  2\$aEuropean Commission.$bDirectorate General for Research.
=830  \0$aEUR (Series) ;$v22564.
=830  \0$aTechnical steel research.$pphysical metallurgy and design of new generic steel grades
=852  41$aBritish Library$bDSC$iOP/EUR 22564
=CAT  \\$a7233$b40$c20070426$lBLL01$h1201
=CAT  \\$a10905$b40$c20070427$lBLL01$h1145
=CAT  \\$a10905$b40$c20070427$lBLL01$h1749
=CAT  \\$aBATCH$b00$c20091217$lBLL01$h0453
=CAT  \\$aBATCH$b00$c20100103$lBLL01$h1246
=CAT  \\$aBATCH-UPD$b00$c20140322$lBLL01$h1741
=FIN  \\$aY$d20070427
=FMT  \\$a  BK
=LAS  \\$aBATCH-UPD$b00$c20140322$lBLL01$h1741

