=LDR  01679 am a22004097a 4500
=001  013732448
=003  Uk
=005  20070427121250.0
=008  070426s2007\\\\lu\a\\\\\b\\\\000\0\eng\\
=020  \\$a9789279052590 (pbk.)
=020  \\$z9279052590
=040  \\$aUk$beng$cUk
=245  00$aImproving the fatigue performance of welded stainless steels /$cS. J. Maddox ... [et al.].
=260  \\$aLuxembourg :$bOffice for Official Publications of the European Communities,$c2007.
=300  \\$a190 p. :$bill. ;$c30 cm.
=336  \\$atext$2rdacontent
=337  \\$aunmediated$2rdamedia
=338  \\$avolume$2rdacarrier
=490  1\$aTechnical steel research. steel products and applications for building, construction and industry
=490  1\$aEUR,$x1018-5593 ;$v22809 EN
=500  \\$a"Contract no. 7210-PR/303, 1 July 2001 to 31 December 2004".
=500  \\$a"KI-NA-22809-EN-S"--Cover.
=504  \\$aIncludes bibliographical references.
=700  1\$aMaddox, S. J.$q(Stephen John),$d1944-
=710  2\$aOffice for Official Publications of the European Communities.
=710  2\$aEuropean Commission.$bDirectorate General for Research.
=830  \0$aEUR (Series) ;$v22809.
=830  \0$aTechnical steel research.$psteel products and applications for building, construction and industry
=852  41$aBritish Library$bDSC$iOP/EUR 22809
=CAT  \\$a7233$b40$c20070426$lBLL01$h1203
=CAT  \\$a10905$b40$c20070427$lBLL01$h1212
=CAT  \\$aBATCH$b00$c20091217$lBLL01$h0453
=CAT  \\$aBATCH$b00$c20100103$lBLL01$h1246
=CAT  \\$aBATCH-UPD$b00$c20140322$lBLL01$h1741
=FIN  \\$aY$d20070427
=FMT  \\$a  BK
=LAS  \\$aBATCH-UPD$b00$c20140322$lBLL01$h1741

