=LDR  01597 am a22003977a 4500
=001  013732457
=003  Uk
=005  20070426154946.0
=008  070426s2007\\\\lu\a\\\\\b\\\\000\0\eng\\
=020  \\$a9789279046100 (pbk.)
=020  \\$z9279046100 (pbk.)
=040  \\$aUk$beng$cUk
=245  00$aNovel high strength high toughness carbide-free bainitic steels /$cF.G. Caballero ... [et al.].
=260  \\$aLuxembourg :$bOffice for Official Publications of the European Communities,$c2007.
=300  \\$a142 p. . :$bill. (some col.) ;$c30 cm.
=336  \\$atext$2rdacontent
=337  \\$aunmediated$2rdamedia
=338  \\$avolume$2rdacarrier
=490  1\$aTechnical steel research. physical metallurgy and design of new generic steel grades
=490  1\$aEUR,$x1018-5593 ;$v22450 EN
=500  \\$a"Contract no. 7210-PR/345, 1 July 2002 to 30 June 2005".
=500  \\$a"KI-NA-22450-EN-S"--Cover.
=504  \\$aIncludes bibliographical references.
=700  1\$aCaballero, F. G.
=710  2\$aOffice for Official Publications of the European Communities.
=710  2\$aEuropean Commission.$bDirectorate General for Research.
=830  \0$aEUR (Series) ;$v22450.
=830  \0$aTechnical steel research.$pphysical metallurgy and design of new generic steel grades
=852  41$aBritish Library$bDSC$iOP/EUR 22450
=CAT  \\$a7233$b40$c20070426$lBLL01$h1207
=CAT  \\$a10905$b40$c20070426$lBLL01$h1549
=CAT  \\$aBATCH$b00$c20091217$lBLL01$h0453
=CAT  \\$aBATCH$b00$c20100103$lBLL01$h1246
=FIN  \\$aY$d20070426
=FMT  \\$a  BK
=LAS  \\$aBATCH$b00$c20100103$lBLL01$h1246

