=LDR  01654 am a22004097a 4500
=001  013732462
=003  Uk
=005  20070427084948.0
=008  070426s2007\\\\lu\a\\\\\b\\\\000\0\eng\\
=020  \\$a9789279050053 (pbk.)
=020  \\$z9279050053
=040  \\$aUk$beng$cUk
=245  00$aEfficient lifting equipment with extra high-strength steel /$cO. Lagerqvist ... [et al.].
=260  \\$aLuxembourg :$bOffice for Official Publications of the European Communities,$c2007.
=300  \\$a89 p. :$bill. (some col.) ;$c30 cm.
=336  \\$atext$2rdacontent
=337  \\$aunmediated$2rdamedia
=338  \\$avolume$2rdacarrier
=490  1\$aTechnical steel research. steel products and applications for building, construction and industry
=490  1\$aEUR,$x1018-5593 ;$v22569 EN
=500  \\$a"Contract no. 7210-PR/379, 1 July 2002 to 30 June 2005".
=500  \\$a"KI-NA-22569-EN-S"--Cover.
=504  \\$aIncludes bibliographical references.
=700  1\$aLagerqvist, O.
=710  2\$aOffice for Official Publications of the European Communities.
=710  2\$aEuropean Commission.$bDirectorate General for Research.
=830  \0$aEUR (Series) ;$v22569.
=830  \0$aTechnical steel research.$psteel products and applications for building, construction and industry
=852  41$aBritish Library$bDSC$iOP/EUR 22569
=CAT  \\$a7233$b40$c20070426$lBLL01$h1209
=CAT  \\$a10905$b40$c20070426$lBLL01$h1806
=CAT  \\$a10905$b40$c20070427$lBLL01$h0849
=CAT  \\$aBATCH$b00$c20091217$lBLL01$h0453
=CAT  \\$aBATCH$b00$c20100103$lBLL01$h1246
=FIN  \\$aY$d20070426
=FMT  \\$a  BK
=LAS  \\$aBATCH$b00$c20100103$lBLL01$h1246

