=LDR  01662 am a22004217a 4500
=001  013734426
=003  Uk
=005  20070502082545.0
=008  070430s2007\\\\lu\a\\\\\b\\\o000\0\eng\\
=020  \\$a9789279050183 (pbk.)
=020  \\$z9279050183
=040  \\$aUk$beng$cUk
=245  00$aControl of sheet surface defects and deep drawing properties in final strip production steps /$cA. Fouratier ... [et al.].
=260  \\$aLuxembourg :$bOffice for Official Publications of the European Communities,$c2007.
=300  \\$a161 p. :$bill. (some col.) ;$c30 cm.
=336  \\$atext$2rdacontent
=337  \\$aunmediated$2rdamedia
=338  \\$avolume$2rdacarrier
=490  1\$aTechnical steel research. Hot and cold rolling processes
=490  1\$aEUR,$x1018-5593 ;$v22566 EN
=500  \\$a"Contract no. 7210-PR/338, 1 July 2002 to 31 December 2005".
=500  \\$a"KI-NA-22566-EN-S"--Back cover.
=504  \\$aIncludes bibliographical references.
=700  1\$aFouratier, A.
=710  2\$aOffice for Official Publications of the European Communities.
=710  2\$aEuropean Commission.$bDirectorate General for Research.
=830  \0$aEUR (Series) ;$v22566.
=830  \0$aTechnical steel research.$pHot and cold rolling processes
=852  41$aBritish Library$bDSC$iOP/EUR 22566
=CAT  \\$a7233$b40$c20070430$lBLL01$h1549
=CAT  \\$a7233$b40$c20070430$lBLL01$h1550
=CAT  \\$a11317$b40$c20070501$lBLL01$h1554
=CAT  \\$a11317$b40$c20070502$lBLL01$h0825
=CAT  \\$aBATCH$b00$c20091217$lBLL01$h0453
=CAT  \\$aBATCH$b00$c20100103$lBLL01$h1246
=FIN  \\$aY$d20070502
=FMT  \\$a  BK
=LAS  \\$aBATCH$b00$c20100103$lBLL01$h1246

