=LDR  00961 as a2200325 a 4500
=001  013748193
=003  Uk
=005  20070517105334.0
=007  ta
=008  070517c200u9999enkuu\p\\\\\\\0\\\a0eng\\
=040  \\$aUk$beng$cUk
=042  \\$aukblsr
=082  04$a629.26$222
=110  2\$aTrumac Group Ltd.
=245  10$aTrumac Group.
=260  \\$aWestbury :$bTrumac Group
=300  \\$av. :$bcol. ill., col. ports. ;$c30 cm.
=336  \\$atext$2rdacontent
=337  \\$aunmediated$2rdamedia
=338  \\$avolume$2rdacarrier
=500  \\$aDescription based on: Spring 2007 issue.
=610  20$aTrumac Group Ltd.$vPeriodicals.
=650  \0$aCommercial vehicles$xBodies$vPeriodicals.
=852  11$aBritish Library$bSTI$cBIPC$kBIPC Trade Literature Collection$3(Spring 2007)
=985  \\$aNew 110/610
=CAT  \\$a8124$b40$c20070517$lBLL01$h1053
=FIN  \\$aY$d20070517
=FMT  \\$a  SE
=LAS  \\$a8124$b40$c20070517$lBLL01$h1053
=TCO  \\$aCLA$bCLA$c008

