=LDR  01261 as a22003737a 4500
=001  013754602
=003  Uk
=005  20170215073206.0
=007  ta
=008  070525d19uu2010enkuu\p\\\\\\\0\\\a0eng\\
=040  \\$aUk$beng$cUk
=130  0\$aGroundbreaker (Manchester, England)
=245  00$aGroundbreaker.
=260  \\$aManchester :$bHilti Ltd.
=300  \\$av. :$bcol. ill., ports. ;$c28 cm.
=336  \\$atext$2rdacontent
=337  \\$aunmediated$2rdamedia
=338  \\$avolume$2rdacarrier
=500  \\$aDescription based on: Issue 1 (2007)
=500  \\$aThe magazine of Hilti Great Britain and Ireland.
=650  \0$aElectric drills$xElectric equipment$vPeriodicals.
=650  \0$aPneumatic drills$xElectric equipment$vPeriodicals.
=710  2\$aHilti Great Britain.
=710  2\$aHilti Ireland.
=852  11$aBritish Library$bSTI$cBIPC$kBIPC Trade Literature Collection$3Issue 1 (2007)-issue 5 (2010)
=CAT  \\$a5997$b40$c20070525$lBLL01$h1201
=CAT  \\$a5997$b40$c20070604$lBLL01$h1038
=CAT  \\$a8874$b40$c20070605$lBLL01$h1455
=CAT  \\$a8964$b40$c20070607$lBLL01$h0952
=CAT  \\$a7778$b40$c20170215$lBLL01$h0732
=FIN  \\$aY$d20070605
=FMT  \\$a  SE
=LAS  \\$a7778$b40$c20170215$lBLL01$h0732
=TCO  \\$aCLA$bCLA$c008

