=LDR  01697 am a22004817a 4500
=001  013758584
=003  Uk
=005  20100702121728.0
=008  070515m20059999uv\\\\\\\\\\\\000\1\fre\d
=020  \\$a2915071217 (vol. 1)
=020  \\$a2915071225 (vol. 1)
=020  \\$a9782915071221 (vol. 1)
=020  \\$a9782915071214 (vol. 1)
=035  \\$a(OCoLC)136695644
=040  \\$aHLS$cHLS$dZCU$dUk
=042  \\$aukblderived
=043  \\$af-uv---
=050  \4$aGR351.7$bC66 2005
=245  00$aContes du Burkina Faso /$cpréface de Mahamoudou OuEdraogo.
=246  1\$iVol. 1 half title:$aGPNAL contes
=260  \\$aOuagadougou :$bPUO,$c[2005]-
=300  \\$av. ;$c20 cm.
=336  \\$atext$2rdacontent
=337  \\$aunmediated$2rdamedia
=338  \\$avolume$2rdacarrier
=500  \\$aCover title.
=500  \\$a"Ministère de la culture, des arts et du tourisme."
=505  1\$av. 1. Des hommes et des bêtes / Lézin Didier Zongo. Les contes de Grand'mère Lamudi / Josaphat Coulidiaty.
=650  \0$aTales$zBurkina Faso.
=700  1\$aOuédraogo, Mahamoudou.
=700  1\$aDidier, Lézin.
=700  1\$aCoulidiaty, Josaphat,$d1950-
=710  1\$aBurkina Faso.$bMinistère de la culture, des arts et du tourisme.
=776  08$iOnline version:$tContes du Burkina Faso.$w(OCoLC)622853381$dOuagadougou : PUO, [2005]-
=852  41$aBritish Library$bOC$iVol. 1
=CAT  \\$a5703$b40$c20070601$lBLL01$h1102
=CAT  \\$a5512$b40$c20100702$lBLL01$h1217
=CAT  \\$aBATCH-UPD$b40$c20100702$lBLL01$h1218
=CAT  \\$aBATCH-UPD$b40$c20140411$lBLL01$h2102
=FIN  \\$aY$d20100702
=FMT  \\$a  BK
=LAS  \\$aBATCH-UPD$b40$c20140411$lBLL01$h2102
=SID  \\$aZ39$bOCLC

