=LDR  02165 am a22005893u 4500
=001  011038307
=003  Uk
=005  20201017091335.0
=008  040420|1989\\\\|||\\\\||\\\\\000\||eng\\
=FMT  \\$a  BK
=019  8\$angb198987256
=019  a\$aG01296272
=040  \\$aUk$cUk
=072  \7$a02B$2sigle
=072  \7$a05X$2sigle
=082  04$a338.1$222
=082  04$a381$222
=100  1\$aHarvey, David.
=245  00$aPSEs, producer benefits and transfer efficiency of the CAP and alternatives.
=260  \\$bUniversity of Newcastle upon Tyne, Department of Agricultural Economics and Food Marketing,$c1989.
=336  \\$atext$2rdacontent
=337  \\$aunmediated$2rdamedia
=338  \\$avolume$2rdacarrier
=590  \\$a5.00
=653  \\$a[Producer subsidy equivalents]
=653  \\$aAgricultural economics
=653  \\$aInternal and EU commerce & consumer affairs
=650  \0$aAgricultural industries
=650  \0$aCommerce
=690  7\$aManagement and Business Studies$2blcoll
=700  1\$aHall, Jon$c(Agricultural economist)
=710  2\$aUniversity of Newcastle upon Tyne.$bDepartment of Agricultural Economics and Food Marketing.
=883  0\$aLanguage codes assigned by Bayesian analysis of words present in record$d20200826$qUk$c0.9919
=852  41$aBritish Library$bDSC$iUNDAEFM-DP--3/89
=985  \\$aRecord amended for WR# 13/070
=985  \\$aUpgraded by BSS-generated file for WR2009-0365
=CAT  \\$aCONV$b00$c20040425$lBLL90$h0636
=CAT  \\$aCONV$b00$c20040502$lBLL01$h1421
=CAT  \\$aglobal_upd$b40$c20060417$lBLL01$h1147
=CAT  \\$asigle_ddc$b40$c20070409$lBLL01$h1953
=CAT  \\$a8964$b40$c20071017$lBLL01$h1021
=CAT  \\$aBATCH$b00$c20091210$lBLL01$h0401
=CAT  \\$aBATCH$b00$c20091214$lBLL01$h0559
=CAT  \\$aWR13_070$b00$c20130504$lBLL01$h0217
=CAT  \\$aBATCH-UPD$b00$c20171009$lBLL01$h2035
=CAT  \\$a5194$b40$c20171010$lBLL01$h1434
=CAT  \\$aBATCH-MBS$c20171013$lBLL01$h2112
=CAT  \\$aW2009-0365$b00$c20201017$lBLL01$h0913
=FIN  \\$aY
=LEO  \\$aMP8.0000628972
=SRC  \\$aDSC01$bbibmp8.200404.2.aa
=LAS  \\$aW2009-0365$b00$c20201017$lBLL01$h0913

