=LDR  03204cam a22008293u 4500
=001  011083729
=003  Uk
=005  20221231200021.0
=008  \\\\\\|2001\\\\|||\\\\||\\\\o0||\||eng\\
=FMT  \\$a  BK
=019  8\$angb200107559
=019  a\$aG07239006
=040  \\$aUk$cUk
=072  \7$a05P$2sigle
=072  \7$a05A$2sigle
=082  04$a370$222
=082  04$a658$222
=110  1\$aConwy (Wales).$bEducation Department.
=245  00$aSchool Organisation Plan.
=260  \\$bConwy.Wales, Education Department,$c2001.
=336  \\$atext$2rdacontent
=337  \\$aunmediated$2rdamedia
=338  \\$avolume$2rdacarrier
=590  \\$aEnglish/Welsh text on inverted pages
=540  \\$aCurrent Copyright Fee: GBP25.00$c0$5Uk
=653  \\$aSchool Standards and Framework Act 1998
=653  \\$aEducation & training
=653  \\$aManagement & business studies
=650  \0$aEducation
=650  \0$aManagement
=690  7\$aManagement and Business Studies$2blcoll
=740  0\$aCynllun trefniadaeth ysgol.
=852  41$aBritish Library$bDSC$i8092.923630
=945  \\$aSchool Organisation plan - Conwy County Borough Council ; 2001
=985  \\$aRecord amended for WR# 13/070
=CAT  \\$aCONV$b00$c20040425$lBLL90$h0653
=CAT  \\$aCONV$b00$c20040502$lBLL01$h1422
=CAT  \\$aglobal_upd$b40$c20060417$lBLL01$h1203
=CAT  \\$asigle_ddc$b40$c20070409$lBLL01$h1959
=CAT  \\$aBATCH$b00$c20091210$lBLL01$h0419
=CAT  \\$aBATCH$b00$c20091214$lBLL01$h0617
=CAT  \\$a8964$b40$c20110323$lBLL01$h1020
=CAT  \\$aBATCH-UPD$b40$c20110323$lBLL01$h1026
=CAT  \\$aBATCH-CLA$b00$c20120928$lBLL01$h1832
=CAT  \\$aBATCH-CLA$b00$c20120930$lBLL01$h1038
=CAT  \\$aWR13_070$b00$c20130504$lBLL01$h0218
=CAT  \\$aBATCH-CLA$b00$c20130508$lBLL01$h0723
=CAT  \\$aBATCH-CLA$c20131219$lBLL01$h1825
=CAT  \\$aIPL-CLA$c20131231$lBLL01$h2146
=CAT  \\$aBATCH-CLA$b00$c20161222$lBLL01$h1739
=CAT  \\$aIPL-CLA$c20161230$lBLL01$h1957
=CAT  \\$aBATCH-MBS$c20170106$lBLL01$h2113
=CAT  \\$aBATCH-CLA$b00$c20171222$lBLL01$h2045
=CAT  \\$aIPL-CLA$c20171231$lBLL01$h1527
=CAT  \\$aBATCH-CLA$b00$c20191219$lBLL01$h1705
=CAT  \\$aIPL-CLA$c20191231$lBLL01$h1838
=CAT  \\$aBATCH-CLA$b00$c20201204$lBLL01$h1503
=CAT  \\$aIPL-CLA$c20201231$lBLL01$h2051
=CAT  \\$aBATCH-CLA$b00$c20221221$lBLL01$h1810
=CAT  \\$aIPL-CLA$c20221231$lBLL01$h2000
=CFI  0\$aCurrent Copyright Fee: GBP25.00$c0$e01-jan-2023$fGBP25.00$g0$hA$5Uk
=CFI  2\$aPrevious Copyright Fee: GBP22.50$c0$e01-jan-2021$fGBP22.50$g0$hA$5Uk
=FIN  \\$aY
=LEO  \\$aMP8.0001725839
=SRC  \\$aDSC01$bbibmp8.200404.2.ac
=TCO  \\$aCLA$bCLA$c008
=ACF  \\$aPrevious copyright fee: GBP12.00$c0$e01-jan-2012$fGBP12.00$g0$hA$5Uk
=ACF  \\$aPrevious Copyright Fee: GBP12.30$c0$e01-jan-2014$fGBP12.30$g0$hA$5Uk
=ACF  \\$aPrevious Copyright Fee: GBP15.00$c0$e01-jan-2017$fGBP15.00$g0$hA$5Uk
=ACF  \\$aPrevious Copyright Fee: GBP17.50$c0$e01-jan-2018$fGBP17.50$g0$hA$5Uk
=ACF  \\$aPrevious Copyright Fee: GBP20.00$c0$e01-jan-2020$fGBP20.00$g0$hA$5Uk
=LAS  \\$aIPL-CLA$b00$c20221231$lBLL01$h2000

