=LDR  02773cam a22006613u 4500
=001  011088627
=003  Uk
=005  20221231200025.0
=008  011206s1999\\\\xxc\\\\||\\\\\000\||eng\\
=FMT  \\$a  BK
=019  g\$aadv5002997686
=019  a\$aG07286060
=020  \\$z92006468X :$c(spiral)
=040  \\$aUk$cUk
=245  02$aA review of the potential health risks of radiofrequency fields from wireless telecommunication devices :$ban expert panel report prepared at the request of the Royal Society of Canada for Health Canada.
=260  \\$aOttawa :$bRoyal Society of Canada,$c1999.
=300  \\$a146 p. ;$c28 cm.
=336  \\$atext$2rdacontent
=337  \\$aunmediated$2rdamedia
=338  \\$avolume$2rdacarrier
=504  \\$aIncludes bibliographical references.
=540  \\$aCurrent Copyright Fee: GBP25.00$c0$5Uk
=710  2\$aRoyal Society of Canada.
=852  41$aBritish Library$bDSC$i3842.002972
=945  \\$aExpert panel report - Royal Society of Canada RSC EPR ; 99/1
=966  \\$lACQUIS 26/11/2001
=CAT  \\$aCONV$b00$c20040425$lBLL90$h0653
=CAT  \\$aCONV$b00$c20040502$lBLL01$h1422
=CAT  \\$aglobal_upd$b40$c20060417$lBLL01$h1205
=CAT  \\$aBATCH$b00$c20091210$lBLL01$h0421
=CAT  \\$aBATCH$b00$c20091214$lBLL01$h0620
=CAT  \\$aBATCH-CLA$b00$c20120928$lBLL01$h1826
=CAT  \\$aBATCH-CLA$b00$c20120930$lBLL01$h1028
=CAT  \\$aBATCH-CLA$b00$c20130508$lBLL01$h0711
=CAT  \\$aBATCH-CLA$c20131219$lBLL01$h1825
=CAT  \\$aIPL-CLA$c20131231$lBLL01$h2146
=CAT  \\$aBATCH-CLA$b00$c20161222$lBLL01$h1739
=CAT  \\$aIPL-CLA$c20161230$lBLL01$h1957
=CAT  \\$aBATCH-CLA$b00$c20171222$lBLL01$h2045
=CAT  \\$aIPL-CLA$c20171231$lBLL01$h1527
=CAT  \\$aBATCH-CLA$b00$c20191219$lBLL01$h1705
=CAT  \\$aIPL-CLA$c20191231$lBLL01$h1838
=CAT  \\$aBATCH-CLA$b00$c20201204$lBLL01$h1503
=CAT  \\$aIPL-CLA$c20201231$lBLL01$h2051
=CAT  \\$aBATCH-CLA$b00$c20221221$lBLL01$h1810
=CAT  \\$aIPL-CLA$c20221231$lBLL01$h2000
=CFI  0\$aCurrent Copyright Fee: GBP25.00$c0$e01-jan-2023$fGBP25.00$g0$hA$5Uk
=CFI  2\$aPrevious Copyright Fee: GBP22.50$c0$e01-jan-2021$fGBP22.50$g0$hA$5Uk
=FIN  \\$aY
=LEO  \\$aMP8.0001740994
=SRC  \\$aDSC01$bbibmp8.200404.2.ac
=TCO  \\$aZZZ$c008
=ACF  \\$aPrevious copyright fee: GBP12.00$c0$e01-jan-2012$fGBP12.00$g0$hA$5Uk
=ACF  \\$aPrevious Copyright Fee: GBP12.30$c0$e01-jan-2014$fGBP12.30$g0$hA$5Uk
=ACF  \\$aPrevious Copyright Fee: GBP15.00$c0$e01-jan-2017$fGBP15.00$g0$hA$5Uk
=ACF  \\$aPrevious Copyright Fee: GBP17.50$c0$e01-jan-2018$fGBP17.50$g0$hA$5Uk
=ACF  \\$aPrevious Copyright Fee: GBP20.00$c0$e01-jan-2020$fGBP20.00$g0$hA$5Uk
=LAS  \\$aIPL-CLA$b00$c20221231$lBLL01$h2000

