=LDR  03745cas a2200901 i 4500
=001  011139509
=003  Uk
=005  20221231200912.0
=007  ta
=008  040410c19889999enkuu\p\\\\\\\0\\\a0eng\\
=FMT  \\$a  SE
=019  c\$a2411245
=040  \\$aUk$beng$cUk$dUk$erda
=042  \\$aukblsr
=082  04$a385.068$223
=110  2\$aPandrol International.
=245  10$aTrack report :$bthe journal of Pandrol International.
=264  \1$aLondon :$bPandrol International,$c1988-
=300  \\$billustrations (black and white, and colour) ;$c30 cm
=336  \\$atext$2rdacontent
=337  \\$aunmediated$2rdamedia
=338  \\$avolume$2rdacarrier
=362  0\$aAutumn 1988-
=588  \\$aLatest issue consulted: 2014.
=540  \\$aCurrent Copyright Fee: GBP25.00$c0$5Uk
=610  20$aPandrol International$vPeriodicals.
=650  \0$aRailroad tracks$vPeriodicals.
=852  41$aBritish Library$bSTI$cBIPC$kTrade Literature Collection
=945  \\$aTRACK REPORT.
=963  \\$aAUTUMN 1988- *A=1$bN$cL426.B.313
=979  \\$aBritish Library$bDSC$j8877.360000N$xDSC = Not selected
=985  \\$aRecord merged by DQ team
=A02  \\$a2411245
=CAT  \\$aCONV$b00$c20040425$lBLL90$h0711
=CAT  \\$aBATCH$b00$c20100401$lBLL01$h0514
=CAT  \\$aBATCH$b00$c20100401$lBLL01$h1541
=CAT  \\$aBATCH-UPD$b00$c20101124$lBLL01$h1910
=CAT  \\$aBATCH-UPD$b00$c20101125$lBLL01$h1135
=CAT  \\$aIPL-CLA$c20101231$lBLL01$h1418
=CAT  \\$aWR11_203$c20111204$lBLL01$h1432
=CAT  \\$aIPL-CLA$c20111230$lBLL01$h1920
=CAT  \\$aBATCH-CLA$b00$c20121108$lBLL01$h1740
=CAT  \\$aWR13.005$c20130323$lBLL01$h1444
=CAT  \\$a8456$b40$c20130422$lBLL01$h1356
=CAT  \\$aBATCH-CLA$c20131219$lBLL01$h1842
=CAT  \\$aIPL-CLA$c20131231$lBLL01$h2209
=CAT  \\$a11315$b40$c20140924$lBLL01$h0922
=CAT  \\$aBATCH-UPD$b40$c20151018$lBLL01$h0428
=CAT  \\$aBATCH-CLA$b00$c20161222$lBLL01$h1744
=CAT  \\$aIPL-CLA$c20161230$lBLL01$h2011
=CAT  \\$aBATCH-CLA$b00$c20171222$lBLL01$h2052
=CAT  \\$aIPL-CLA$c20171231$lBLL01$h1539
=CAT  \\$aBATCH-CLA$b00$c20191219$lBLL01$h1710
=CAT  \\$aIPL-CLA$c20191231$lBLL01$h1847
=CAT  \\$aR2001-1524$c20200127$lBLL01$h1950
=CAT  \\$aBATCH-CLA$b00$c20201204$lBLL01$h1509
=CAT  \\$aIPL-CLA$c20201231$lBLL01$h2103
=CAT  \\$aBATCH-CLA$b00$c20221221$lBLL01$h1816
=CAT  \\$aIPL-CLA$c20221231$lBLL01$h2009
=CFI  0\$aCurrent Copyright Fee: GBP25.00$c0$e01-jan-2023$fGBP25.00$g0$hA$5Uk
=CFI  2\$aPrevious Copyright Fee: GBP22.50$c0$e01-jan-2021$fGBP22.50$g0$hA$5Uk
=FIN  \\$aY
=LEO  \\$aMP10.0000581180
=SRC  \\$aDSS01$bbibmp10.200404.2.aa
=SRC  \\$aDSS03$bbibsr.200404.2.aa
=TCO  \\$aCLA$bCLA$c008
=ACF  \\$aPrevious copyright fee: GBP9.00$c0$e01-apr-2010$fGBP9.00$g0$hA$5Uk
=ACF  \\$aPrevious copyright fee: GBP6.00$c0$e01-apr-2008$fGBP6.00$g0$hA$5Uk
=ACF  \\$aPrevious copyright fee: GBP5.00$c0$e01-jul-2002$fGBP5.00$g0$hA$5Uk
=ACF  \\$aCurrent copyright fee: GBP4.40$c0$e01-jul-1998$fGBP4.40$g0$hA$5Uk
=ACF  \\$aCurrent copyright fee: GBP4.20$c0$e01-apr-1997$fGBP4.20$g0$hA$5Uk
=ACF  \\$aPrevious copyright fee: GBP10.50$c0$e01-jan-2011$fGBP10.50$g0$hA$5Uk
=ACF  \\$aPrevious copyright fee: GBP12.00$c0$e01-jan-2012$fGBP12.00$g0$hA$5Uk
=ACF  \\$aPrevious Copyright Fee: GBP12.30$c0$e01-jan-2014$fGBP12.30$g0$hA$5Uk
=ACF  \\$aPrevious Copyright Fee: GBP15.00$c0$e01-jan-2017$fGBP15.00$g0$hA$5Uk
=ACF  \\$aPrevious Copyright Fee: GBP17.50$c0$e01-jan-2018$fGBP17.50$g0$hA$5Uk
=ACF  \\$aPrevious Copyright Fee: GBP20.00$c0$e01-jan-2020$fGBP20.00$g0$hA$5Uk
=LAS  \\$aIPL-CLA$b00$c20221231$lBLL01$h2009

