=LDR  03249cas a22007573  4500
=001  011144652
=003  Uk
=005  20221231201015.0
=008  040410u||||||||it\a|\p|||\\\\0\\\|0ita\\
=FMT  \\$a  SE
=019  c\$a2574588
=040  \\$aUk$cUk
=245  00$aTUTELA GIURIDICA DEI BENI CULTURALI.
=336  \\$atext$2rdacontent
=337  \\$aunmediated$2rdamedia
=338  \\$avolume$2rdacarrier
=540  \\$aCurrent Copyright Fee: GBP25.00$c0$5Uk
=886  2\$2blmarc$a092$b00$a9076.171330n
=883  0\$aLanguage codes assigned by Bayesian analysis of words present in record$d20210115$qUk$c0.9450
=852  41$aBritish Library$bHMNTS$x.
=945  \\$aTUTELA GIURIDICA DEI BENI CULTURALI.
=979  \\$aBritish Library$bDSC$j9076.171330N
=A02  \\$a2574588
=CAT  \\$aCONV$b00$c20040425$lBLL90$h0711
=CAT  \\$aBATCH-UPD$b00$c20100226$lBLL01$h0056
=CAT  \\$aBATCH-UPD$b00$c20100331$lBLL01$h2246
=CAT  \\$aBATCH-UPD$b00$c20100401$lBLL01$h0215
=CAT  \\$aBATCH$b00$c20100401$lBLL01$h0516
=CAT  \\$aBATCH$b00$c20100401$lBLL01$h1543
=CAT  \\$aBATCH-UPD$b00$c20101124$lBLL01$h1912
=CAT  \\$aBATCH-UPD$b00$c20101125$lBLL01$h1137
=CAT  \\$aIPL-CLA$c20101231$lBLL01$h1420
=CAT  \\$aWR11_203$c20111204$lBLL01$h1433
=CAT  \\$aIPL-CLA$c20111230$lBLL01$h1923
=CAT  \\$aBATCH-CLA$b00$c20121108$lBLL01$h1739
=CAT  \\$aWR13.005$c20130323$lBLL01$h1446
=CAT  \\$aBATCH-CLA$c20131219$lBLL01$h1845
=CAT  \\$aIPL-CLA$c20131231$lBLL01$h2212
=CAT  \\$aBATCH-CLA$b00$c20161222$lBLL01$h1744
=CAT  \\$aIPL-CLA$c20161230$lBLL01$h2013
=CAT  \\$aBATCH-CLA$b00$c20171222$lBLL01$h2054
=CAT  \\$aIPL-CLA$c20171231$lBLL01$h1540
=CAT  \\$aBATCH-CLA$b00$c20191219$lBLL01$h1711
=CAT  \\$aIPL-CLA$c20191231$lBLL01$h1848
=CAT  \\$aBATCH-CLA$b00$c20201204$lBLL01$h1510
=CAT  \\$aIPL-CLA$c20201231$lBLL01$h2104
=CAT  \\$aW2102-0046$b00$c20210506$lBLL01$h1501
=CAT  \\$aBATCH-CLA$b00$c20221221$lBLL01$h1816
=CAT  \\$aIPL-CLA$c20221231$lBLL01$h2010
=CFI  0\$aCurrent Copyright Fee: GBP25.00$c0$e01-jan-2023$fGBP25.00$g0$hA$5Uk
=CFI  2\$aPrevious Copyright Fee: GBP22.50$c0$e01-jan-2021$fGBP22.50$g0$hA$5Uk
=FIN  \\$aY
=LEO  \\$aMP10.0000588368
=SRC  \\$aDSS01$bbibmp10.200404.2.aa
=TCO  \\$aITA$bAIDRO / SIAE$c008
=ACF  \\$aPrevious copyright fee: GBP9.00$c0$e01-apr-2010$fGBP9.00$g0$hA$5Uk
=ACF  \\$aPrevious copyright fee: GBP6.00$c0$e01-apr-2008$fGBP6.00$g0$hA$5Uk
=ACF  \\$aPrevious copyright fee: GBP5.00$c0$e01-jul-2002$fGBP5.00$g0$hA$5Uk
=ACF  \\$aCurrent copyright fee: GBP4.40$c0$e12-nov-1998$fGBP4.40$g0$hA$5Uk
=ACF  \\$aPrevious copyright fee: GBP10.50$c0$e01-jan-2011$fGBP10.50$g0$hA$5Uk
=ACF  \\$aPrevious copyright fee: GBP12.00$c0$e01-jan-2012$fGBP12.00$g0$hA$5Uk
=ACF  \\$aPrevious Copyright Fee: GBP12.30$c0$e01-jan-2014$fGBP12.30$g0$hA$5Uk
=ACF  \\$aPrevious Copyright Fee: GBP15.00$c0$e01-jan-2017$fGBP15.00$g0$hA$5Uk
=ACF  \\$aPrevious Copyright Fee: GBP17.50$c0$e01-jan-2018$fGBP17.50$g0$hA$5Uk
=ACF  \\$aPrevious Copyright Fee: GBP20.00$c0$e01-jan-2020$fGBP20.00$g0$hA$5Uk
=LAS  \\$aIPL-CLA$b00$c20221231$lBLL01$h2010

