=LDR  01460 as a2200445ua 4500
=001  011482297
=003  Uk
=005  20091122184800.0
=006  aab\\|||||||||||||
=008  030717c20029999ru\||\p|||\\\\0\\\||rus\\
=FMT  \\$a  SE
=019  0\$as687534003
=040  \\$aUk$cUk
=041  0\$arus$beng
=082  04$a550.911$221
=245  00$aArktika i Antarktika.
=246  3\$aArctic and Antarctic
=260  \\$aMoskva :$bNauka,$c2002-
=300  \\$av. :$bill., maps ;$c25 cm.
=336  \\$atext$2rdacontent
=337  \\$aunmediated$2rdamedia
=338  \\$avolume$2rdacarrier
=362  0\$aV'ip. 1 (35)-
=500  \\$aAdded t.p. in English: Arctic and Antarctic.
=546  \\$aText in Russian, with contents also in English, and English abstracts.
=580  \\$aContinues: Antarktika.
=650  \0$aEarth sciences$zPolar regions$vPeriodicals.
=650  \0$aPhytoplankton$zPolar regions$vPeriodicals.
=650  \0$aMicroorganisms$zPolar regions$vPeriodicals.
=852  71$aBritish Library$bSTI$2blsrissc$32002- ; V'ip.1 (35)-
=957  \\$a030717p
=CAT  \\$aCONV$b00$c20040425$lBLL90$h0900
=CAT  \\$aCONV$b00$c20040502$lBLL01$h1434
=CAT  \\$aBATCH$b00$c20091122$lBLL01$h1848
=FIN  \\$aY
=LEO  \\$aMP25.0000365131
=SRC  \\$aSRI01$bbibmp25.200404.2.aa
=SSD  \\$a25500{dollar}aV'ip. 1 (35)-; 50300{dollar}aContinues: Antarktika; 74510{dollar}aArctic and Antarctic
=TCO  \\$aXXX$c008
=LAS  \\$aBATCH$b00$c20091122$lBLL01$h1848

