=LDR  01050 am a2200361ua 4500
=001  011482705
=003  Uk
=005  20091122184800.0
=008  031117s2003\\\\xxua\\\||b\\\\001\||eng\\
=FMT  \\$a  BK
=019  0\$as691035008
=020  \\$a1590334612
=040  \\$aUk$cUk
=082  04$a016.3637386$221
=084  \\$aCE 65$2blsrissc
=245  00$aAcid rain :$boverview and abstracts /$cCarter N. Lane (editor).
=260  \\$aNew York :$bNova Science,$cc2003.
=300  \\$axx, 167 p. :$bill. ;$c27 cm.
=336  \\$atext$2rdacontent
=337  \\$aunmediated$2rdamedia
=338  \\$avolume$2rdacarrier
=500  \\$aIncludes index.
=650  \0$aAcid rain$vBibliography.
=700  1\$aLane, Carter N.
=852  71$aBritish Library$bSTI$2blsrissc
=957  \\$a031101p
=CAT  \\$aCONV$b00$c20040425$lBLL90$h0900
=CAT  \\$aCONV$b00$c20040502$lBLL01$h1434
=CAT  \\$aBATCH$b00$c20091122$lBLL01$h1848
=FIN  \\$aY
=LEO  \\$aMP25.0000367891
=SRC  \\$aSRI01$bbibmp25.200404.2.aa
=LAS  \\$aBATCH$b00$c20091122$lBLL01$h1848

