=LDR  01511 am a22004818a 4500
=001  011611245
=003  Uk
=005  20100212190100.0
=008  981124s1999\\\\stk\\\\||\\\\\000\||eng\\
=FMT  \\$a  BK
=015  \\$aGB98V1646$2bnb
=019  y\$ab98V1646
=019  9\$a0443060363
=019  a\$aG05694592
=020  \\$a0443060363 (pbk) :$c£35.00
=039  0\$a2519
=040  \\$aStDuBDS$dUk
=082  04$a611.018$221
=100  1\$aLowe, D. G.$q(David George)
=245  10$aRecent advances in histopathology.$n18 /$cDavid G. Lowe and James C. E. Underwood.
=260  \\$aEdinburgh :$bChurchill Livingstone,$c1999.
=263  \\$a199901
=300  \\$a280p. :$bill.
=336  \\$atext$2rdacontent
=337  \\$aunmediated$2rdamedia
=338  \\$avolume$2rdacarrier
=650  \0$aHistology, Pathological.
=700  1\$aUnderwood, J. C. E.$q(James Cressee Elphinstone),$d1942-
=852  41$aBritish Library$bDSC$i7303.84230
=945  \\$aRecent advances in histopathology
=CAT  \\$aCONV$b00$c20040425$lBLL90$h0534
=CAT  \\$aCONV$b00$c20040502$lBLL01$h1441
=CAT  \\$aglobal_upd$b40$c20060417$lBLL01$h1258
=CAT  \\$aBATCH$b00$c20091122$lBLL01$h1849
=CAT  \\$aBATCH-UPD$b00$c20100212$lBLL01$h1901
=FIN  \\$aY
=LEO  \\$aMP5.0000153253
=LEO  \\$aMP5.0001607984
=LEO  \\$aMP8.0001499929
=SRC  \\$aBNB03$bbibmp5.200404.2.aa
=SRC  \\$aBNB03$bbibmp5.200404.2.ac
=SRC  \\$aDSC01$bbibmp8.200404.2.ac
=LAS  \\$aBATCH-UPD$b00$c20100212$lBLL01$h1901

