=LDR  01507 am a22004818a 4500
=001  011611269
=003  Uk
=005  20100212190100.0
=008  000912s2000\\\\stk\\\\||\\\\\000\||eng\\
=FMT  \\$a  BK
=015  \\$aGBA0V8701$2bnb
=019  y\$abA0V8701
=019  9\$a0443063478
=019  a\$aG07069223
=020  \\$a0443063478 (pbk) :$c£35.00
=039  0\$a2420
=040  \\$aStDuBDS$dUk
=082  04$a611.018$221
=100  1\$aLowe, D. G.$q(David George)
=245  10$aRecent advances in histopathology.$n19 /$cDavid G. Lowe, James C.E. Underwood.
=260  \\$aEdinburgh :$bChurchill Livingstone,$c2000.
=263  \\$a200010
=300  \\$a280p. :$bill.
=336  \\$atext$2rdacontent
=337  \\$aunmediated$2rdamedia
=338  \\$avolume$2rdacarrier
=650  \0$aHistology, Pathological.
=700  1\$aUnderwood, J. C. E.$q(James Cressee Elphinstone),$d1942-
=852  41$aBritish Library$bDSC$i7303.84230
=945  \\$aRecent advances in histopathology
=CAT  \\$aCONV$b00$c20040425$lBLL90$h0534
=CAT  \\$aCONV$b00$c20040502$lBLL01$h1441
=CAT  \\$aglobal_upd$b40$c20060417$lBLL01$h1258
=CAT  \\$aBATCH$b00$c20091122$lBLL01$h1849
=CAT  \\$aBATCH-UPD$b00$c20100212$lBLL01$h1901
=FIN  \\$aY
=LEO  \\$aMP5.0000153305
=LEO  \\$aMP5.0001608103
=LEO  \\$aMP8.0001665914
=SRC  \\$aBNB03$bbibmp5.200404.2.aa
=SRC  \\$aBNB03$bbibmp5.200404.2.ac
=SRC  \\$aDSC01$bbibmp8.200404.2.ac
=LAS  \\$aBATCH-UPD$b00$c20100212$lBLL01$h1901

