=LDR  02021cam a22006138a 4500
=001  011615910
=003  Uk
=005  20220415222600.0
=008  991007s2000\\\\xxu\\\\||\\\\\000\||eng\\
=FMT  \\$a  BK
=015  \\$aGB99V3752$2bnb
=019  y\$ab99V3752
=019  9\$a0471899437
=019  a\$aG05891224
=020  \\$a0471899437 (pbk) :$c£18.99
=039  0\$a2563
=040  \\$aStDuBDS$dUk
=082  04$a302.35$221
=245  04$aThe virtual organization /$cedited by Cary L. Cooper.
=260  \\$aNew York ;$aChichester :$bWiley,$c2000.
=263  \\$a200001
=300  \\$a130p. ;$c23cm.
=336  \\$atext$2rdacontent
=337  \\$aunmediated$2rdamedia
=338  \\$avolume$2rdacarrier
=540  \\$aCurrent Copyright Fee: GBP32.00$c0$5Uk
=650  \0$aOrganizational behavior.
=690  7\$aManagement and Business Studies$2blcoll
=690  7\$aSocial Welfare$2blcoll
=690  7\$aManagement and Business Studies$2blcoll
=690  7\$aSocial Welfare$2blcoll
=700  1\$aCooper, Cary L.
=830  \0$aTrends in organizational behaviour ;$vv. 6.
=852  41$aBritish Library$bDSC$i9049.6688
=CAT  \\$aCONV$b00$c20040425$lBLL90$h0534
=CAT  \\$aCONV$b00$c20040502$lBLL01$h1441
=CAT  \\$a11317$b40$c20041214$lBLL01$h0853
=CAT  \\$aglobal_upd$b40$c20060417$lBLL01$h1258
=CAT  \\$aBATCH$b00$c20091122$lBLL01$h1851
=CAT  \\$aBATCH-CLAB$c20220330$lBLL01$h1537
=CAT  \\$aIPL-CLA$c20220331$lBLL01$h2210
=CAT  \\$aBATCH-MBS$c20220408$lBLL01$h2157
=CAT  \\$aBATCH-SWP$c20220411$lBLL01$h0855
=CAT  \\$aBATCH-MBS$c20220415$lBLL01$h2208
=CAT  \\$aBATCH-SWP$c20220415$lBLL01$h2226
=CFI  0\$aCurrent Copyright Fee: GBP32.00$c0$e01-apr-2022$fGBP32.00$g0$hC$5Uk
=FIN  \\$aY
=LEO  \\$aMP5.0000160861
=LEO  \\$aMP5.0001615271
=LEO  \\$aMP8.0001580529
=SRC  \\$aBNB03$bbibmp5.200404.2.aa
=SRC  \\$aBNB03$bbibmp5.200404.2.ac
=SRC  \\$aDSC01$bbibmp8.200404.2.ac
=LAS  \\$aBATCH-SWP$b00$c20220415$lBLL01$h2226

