=LDR  01053 am a22003373u 4500
=001  011667429
=003  Uk
=005  20161014070820.0
=008  040425|1980\\\\|||\\\\||\\\\\000\||eng\\
=FMT  \\$a  BK
=019  a\$aG00422557
=040  \\$aUk$cUk
=100  1\$aGordon, M D.
=245  00$aDissemination of findings of DHSS funded research :$bA final report.
=260  \\$bUniversity of Leicester Primary Communications Research Centre,$c1980.
=300  \\$a278 p.
=336  \\$atext$2rdacontent
=337  \\$aunmediated$2rdamedia
=338  \\$avolume$2rdacarrier
=590  \\$aTypescript
=852  11$aBritish Library$bDSC$cQ$h001.4
=CAT  \\$aCONV$b00$c20040425$lBLL90$h0633
=CAT  \\$aCONV$b00$c20040502$lBLL01$h1443
=CAT  \\$aglobal_upd$b40$c20060417$lBLL01$h1305
=CAT  \\$aBATCH$b00$c20091210$lBLL01$h0540
=CAT  \\$aBATCH$b00$c20091214$lBLL01$h0747
=CAT  \\$a8874$b40$c20161014$lBLL01$h0708
=FIN  \\$aY
=LEO  \\$aMP8.0000169109
=SRC  \\$aDSC01$bbibmp8.200404.2.aa
=LAS  \\$a8874$b40$c20161014$lBLL01$h0708

