=LDR  01533cam a22004573u 4500
=001  011705271
=003  Uk
=005  20230331163231.0
=008  980617s1998\\\\xxua\\\||\\\\\001\||eng\\
=FMT  \\$a  BK
=010  \\$a97041982
=019  g\$aadv0102024111
=019  a\$aG05460979
=020  \\$a1574910655
=040  \\$aDNLM/DLC$cDLC$dUk
=082  04$a615.6$221
=245  00$aMetered dose inhaler technology /$cedited by Tol S. Purewal and David J.W. Grant.
=260  \\$aBuffalo Grove, Ill. :$bInterpharm Press,$cc1998.
=300  \\$aix, 268 p. :$bill. ;$c24 cm.
=336  \\$atext$2rdacontent
=337  \\$aunmediated$2rdamedia
=338  \\$avolume$2rdacarrier
=504  \\$aIncludes bibliographical references and index.
=540  \\$aCurrent Copyright Fee: GBP34.00$c0$5Uk
=650  \0$aAerosol therapy.
=700  1\$aPurewal, Tol S.
=700  1\$aGrant, David J. W.
=852  41$aBritish Library$bDSC$qCopy at 98/15328. Mislaid.
=966  \\$lACQUIS 12/02/98
=CAT  \\$aCONV$b00$c20040425$lBLL90$h0647
=CAT  \\$aCONV$b00$c20040502$lBLL01$h1444
=CAT  \\$aglobal_upd$b40$c20060417$lBLL01$h1318
=CAT  \\$aBATCH$b00$c20091210$lBLL01$h0554
=CAT  \\$aBATCH$b00$c20091214$lBLL01$h0803
=CAT  \\$aBATCH-CLAB$c20230324$lBLL01$h1327
=CAT  \\$aIPL-CLA$c20230331$lBLL01$h1632
=CFI  0\$aCurrent Copyright Fee: GBP34.00$c0$e01-apr-2023$fGBP34.00$g0$hC$5Uk
=FIN  \\$aY
=LEO  \\$aMP8.0001401900
=SRC  \\$aDSC01$bbibmp8.200404.2.ab
=LAS  \\$aIPL-CLA$b00$c20230331$lBLL01$h1632

