=LDR  01849cam a22005173u 4500
=001  011711270
=003  Uk
=005  20230331163238.0
=008  971204s1998\\\\enk\\\\||b\\\\001\||eng\|
=FMT  \\$a  BK
=019  a\$aG05500889
=020  \\$a041516107X (alk. paper)
=020  \\$cCIP entry
=040  \\$aDLC$cDLC$dUk
=050  00$aPN4784.T4
=082  04$a070.1/95$221
=245  00$aNews of the world :$bworld cultures look at television news /$cedited by Klaus Bruhn Jensen.
=260  \\$aLondon ;$aNew York :$bRoutledge,$c1998.
=300  \\$ap. cm.
=336  \\$atext$2rdacontent
=337  \\$aunmediated$2rdamedia
=338  \\$avolume$2rdacarrier
=490  0\$aRoutledge research in cultural and media studies
=504  \\$aIncludes bibliographical references and index.
=540  \\$aCurrent Copyright Fee: GBP34.00$c0$5Uk
=650  \0$aTelevision broadcasting of news.
=700  1\$aJensen, Klaus Bruhn.
=886  2\$2blmarc$a010$b00$a97047559
=852  41$aBritish Library$bDSC$i8026.5153
=CAT  \\$aCONV$b00$c20040425$lBLL90$h0647
=CAT  \\$aCONV$b00$c20040502$lBLL01$h1444
=CAT  \\$aglobal_upd$b40$c20060417$lBLL01$h1320
=CAT  \\$aBATCH-UPD$b40$c20090813$lBLL01$h2152
=CAT  \\$aBATCH$b00$c20091210$lBLL01$h0556
=CAT  \\$aBATCH$b00$c20091214$lBLL01$h0805
=CAT  \\$aBATCH$b00$c20100103$lBLL01$h1119
=CAT  \\$aBATCH-CLAB$c20220330$lBLL01$h1801
=CAT  \\$aIPL-CLA$c20220331$lBLL01$h2213
=CAT  \\$aBATCH-CLAB$c20230324$lBLL01$h1415
=CAT  \\$aIPL-CLA$c20230331$lBLL01$h1632
=CFI  0\$aCurrent Copyright Fee: GBP34.00$c0$e01-apr-2023$fGBP34.00$g0$hC$5Uk
=CFI  2\$aPrevious Copyright Fee: GBP28.00$c0$e01-apr-2022$fGBP28.00$g0$hC$5Uk
=FIN  \\$aY
=LEO  \\$aMP8.0001420655
=SRC  \\$aDSC01$bbibmp8.200404.2.ab
=LAS  \\$aIPL-CLA$b00$c20230331$lBLL01$h1632

