=LDR  01652 am a22004333u 4500
=001  011721217
=003  Uk
=005  20091214080900.0
=008  020320s1984\\\\gw\a\\\||\\\\\000\||ger\\
=FMT  \\$a  BK
=019  g\$aadv5003433409
=019  a\$aG07535993
=020  \\$c(pbk.)
=040  \\$aUk$cUk
=100  1\$aWagner, H.$q(Hermann)
=245  10$aVersuche zur Lastaufteilung und zum Breitentragen in geradverzahnten Planetenradgetrieben /$cHermann Th. Wagner.
=260  \\$a[Ruhr?] :$bLehrstuhl für Maschinenelemente und Getriebetechnik,$c[1984]
=300  \\$a523 p. :$bill. ;$c21 cm.
=336  \\$atext$2rdacontent
=337  \\$aunmediated$2rdamedia
=338  \\$avolume$2rdacarrier
=490  1\$aSchriftenreihe ;$vHeft 84.5
=710  2\$aRuhr-Universität Bochum.$bInstitut für Konstruktionstechnik.
=710  2\$aRuhr-Universität Bochum.$bLehrstuhl für Maschinenelemente und Getreibetechnik.
=830  \0$aSchriftenreihe (Ruhr-Universität Bochum. Institut für Konstrukttionstechnik) ;$vHeft 84.5.
=852  41$aBritish Library$bDSC$i8103.715
=945  \\$aSchriftenreihe - ruhr universitat bochum institut fur konstruktionstechnik ; Heft 84.5
=966  \\$lACQUIS 13/03/2002
=980  \\$aCard
=CAT  \\$aCONV$b00$c20040425$lBLL90$h0653
=CAT  \\$aCONV$b00$c20040502$lBLL01$h1444
=CAT  \\$aglobal_upd$b40$c20060417$lBLL01$h1324
=CAT  \\$aBATCH-UPD$b40$c20061215$lBLL01$h2018
=CAT  \\$aBATCH$b00$c20091210$lBLL01$h0600
=CAT  \\$aBATCH$b00$c20091214$lBLL01$h0809
=FIN  \\$aY
=LEO  \\$aMP8.0001770876
=SRC  \\$aDSC01$bbibmp8.200404.2.ac
=LAS  \\$aBATCH$b00$c20091214$lBLL01$h0809

