=LDR  01292 am a22003613u 4500
=001  011724072
=003  Uk
=005  20091214081000.0
=008  020729s2000\\\\gw\a\\\||\\\\\000\||ger\\
=FMT  \\$a  BK
=019  a\$aG07553966
=020  \\$a3934252745 (pbk.)
=040  \\$aUk$cUk
=100  1\$aIvens, Katrin.
=245  10$aIdentifikation von Risikofaktoren und neue interventionelle Therapiestrategien kardiovaskulärer Komplikationen bei Patienten mit terminaler Niereninsuffizienz /$cvorgelegt von Katrin Ivens.
=260  \\$aLengerich :$bPabst Science,$cc2000.
=300  \\$a161 p. :$bill. ;$c21 cm.
=336  \\$atext$2rdacontent
=337  \\$aunmediated$2rdamedia
=338  \\$avolume$2rdacarrier
=502  \\$aThesis (Ph.D.)ŹUniversitat Düsserldorf, 1997.
=504  \\$aIncludes bibliographical references.
=852  41$aBritish Library$bDSC$i9025.258
=945  \\$aTransplantlink-Lengerich-Supplement
=CAT  \\$aCONV$b00$c20040425$lBLL90$h0653
=CAT  \\$aCONV$b00$c20040502$lBLL01$h1444
=CAT  \\$aglobal_upd$b40$c20060417$lBLL01$h1325
=CAT  \\$aBATCH$b00$c20091210$lBLL01$h0601
=CAT  \\$aBATCH$b00$c20091214$lBLL01$h0810
=FIN  \\$aY
=LEO  \\$aMP8.0001778024
=SRC  \\$aDSC01$bbibmp8.200404.2.ac
=LAS  \\$aBATCH$b00$c20091214$lBLL01$h0810

