=LDR  01320 am a22004333u 4500
=001  011725881
=003  Uk
=005  20091214081100.0
=008  020829s2002\\\\enk\\\\||\\\\\000\||eng\\
=FMT  \\$a  BK
=019  g\$aadv5003626177
=019  a\$aG07567406
=020  \\$a0631213538 :$c£55.00
=020  \\$a0631213546 (pbk.) :$c£15.99
=040  \\$aStDuBDS$dUk
=082  04$a149.73$221
=245  00$aPhilosophical skepticism /$cedited by Charles Landesman & Robin Meeks.
=260  \\$aOxford :$bBlackwell,$c2002.
=300  \\$a336 p. ;$c25cm.
=336  \\$atext$2rdacontent
=337  \\$aunmediated$2rdamedia
=338  \\$avolume$2rdacarrier
=598  \\$aPROV.RECORD
=650  \0$aSkepticism.
=700  1\$aLandesman, Charles.
=700  1\$aMeeks, Robin.
=830  \0$aBlackwell readings in philosophy.
=852  41$aBritish Library$bDSC$i2107.5928
=916  \\$a700/1=NOTNAL
=945  \\$aBlackwell readings in philosophy ; v 6
=CAT  \\$aCONV$b00$c20040425$lBLL90$h0653
=CAT  \\$aCONV$b00$c20040502$lBLL01$h1444
=CAT  \\$aglobal_upd$b40$c20060417$lBLL01$h1326
=CAT  \\$aBATCH$b00$c20091210$lBLL01$h0602
=CAT  \\$aBATCH$b00$c20091214$lBLL01$h0811
=FIN  \\$aY
=LEO  \\$aMP8.0001782440
=SRC  \\$aDSC01$bbibmp8.200404.2.ac
=LAS  \\$aBATCH$b00$c20091214$lBLL01$h0811

