=LDR  01150 am a22003733u 4500
=001  011727507
=003  Uk
=005  20091214081200.0
=008  020708s2002\\\\enk\\\\||\\\\\000\||eng\\
=FMT  \\$a  BK
=019  a\$aG07579548
=020  \\$a0631231072 :$c£55.00
=020  \\$a0631231080 (pbk.) :$c£15.99
=040  \\$aStDuBDS$dUk
=082  04$a171.5$221
=245  00$aConsequentialism /$cedited by Stephen Darwall.
=260  \\$aOxford :$bBlackwell,$c2002.
=300  \\$a352 p. ;$c23cm.
=336  \\$atext$2rdacontent
=337  \\$aunmediated$2rdamedia
=338  \\$avolume$2rdacarrier
=650  \0$aConsequentialism (Ethics)
=700  1\$aDarwall, Stephen L.,$d1946-
=852  41$aBritish Library$bDSC$i2107.5928
=945  \\$aBlackwell readings in philosophy ; v 7
=CAT  \\$aCONV$b00$c20040425$lBLL90$h0653
=CAT  \\$aCONV$b00$c20040502$lBLL01$h1444
=CAT  \\$aglobal_upd$b40$c20060417$lBLL01$h1327
=CAT  \\$aBATCH$b00$c20091210$lBLL01$h0602
=CAT  \\$aBATCH$b00$c20091214$lBLL01$h0812
=FIN  \\$aY
=LEO  \\$aMP8.0001786106
=SRC  \\$aDSC01$bbibmp8.200404.2.ac
=LAS  \\$aBATCH$b00$c20091214$lBLL01$h0812

