=LDR  03626cas a22008653  4500
=001  011752714
=003  Uk
=005  20221231202330.0
=008  040409d19421946enk||\p|\|\\\\0\\\a0eng\\
=FMT  \\$a  SE
=019  c\$a2103368
=040  \\$aUk$cUk
=245  00$aMass-Observation bulletin.
=246  3\$aMass Observation bulletin.
=260  \\$aLondon :$bMass-Observation Ltd.,$c1942-1946.
=300  \\$av. ;$c22 cm.
=336  \\$atext$2rdacontent
=337  \\$aunmediated$2rdamedia
=338  \\$avolume$2rdacarrier
=595  \\$aFORMERLY 5879.885N CONTD AS 5879.875 SEE ALSO CARD INDEX.
=540  \\$aCurrent Copyright Fee: GBP25.00$c0$5Uk
=650  \0$aPublic opinion$zEngland.
=710  2\$aMass-Observation (Firm)
=780  00$tM-O bulletin
=785  00$tMO
=852  \\$aBritish Library$bHMNTS$cSPHOA
=945  \\$aMASS OBSERVATION BULLETIN.
=963  \\$aNOV. 1942- JAN. 1946 *A=1$bN$cL200.B.50
=979  \\$aBritish Library$bDSC$j5387.990000N
=A02  \\$a2103368
=CAT  \\$aCONV$b00$c20040425$lBLL90$h0706
=CAT  \\$aBATCH-UPD$b00$c20100331$lBLL01$h2300
=CAT  \\$aBATCH-UPD$b00$c20100401$lBLL01$h0225
=CAT  \\$aBATCH$b00$c20100401$lBLL01$h0527
=CAT  \\$aBATCH$b00$c20100401$lBLL01$h1556
=CAT  \\$aBATCH-UPD$b00$c20101124$lBLL01$h1921
=CAT  \\$aBATCH-UPD$b00$c20101125$lBLL01$h1147
=CAT  \\$aIPL-CLA$c20101231$lBLL01$h1435
=CAT  \\$aWR11_203$c20111204$lBLL01$h1443
=CAT  \\$aIPL-CLA$c20111230$lBLL01$h1940
=CAT  \\$aBATCH-CLA$b00$c20121108$lBLL01$h1732
=CAT  \\$aWR13.005$c20130323$lBLL01$h1210
=CAT  \\$aBATCH-UPD$b00$c20130525$lBLL01$h2124
=CAT  \\$aBATCH-CLA$c20131219$lBLL01$h1900
=CAT  \\$aIPL-CLA$c20131231$lBLL01$h2235
=CAT  \\$aBATCH-CLA$b00$c20161222$lBLL01$h1749
=CAT  \\$aIPL-CLA$c20161230$lBLL01$h2034
=CAT  \\$aBATCH-CLA$b00$c20171222$lBLL01$h2104
=CAT  \\$aIPL-CLA$c20171231$lBLL01$h1554
=CAT  \\$aBATCH-CLA$b00$c20191219$lBLL01$h1717
=CAT  \\$aIPL-CLA$c20191231$lBLL01$h1859
=CAT  \\$aR2001-1524$c20200127$lBLL01$h1954
=CAT  \\$aBATCH-CLA$b00$c20201204$lBLL01$h1516
=CAT  \\$aIPL-CLA$c20201231$lBLL01$h2118
=CAT  \\$aBATCH-CLA$b00$c20221221$lBLL01$h1823
=CAT  \\$aIPL-CLA$c20221231$lBLL01$h2023
=CFI  0\$aCurrent Copyright Fee: GBP25.00$c0$e01-jan-2023$fGBP25.00$g0$hA$5Uk
=CFI  2\$aPrevious Copyright Fee: GBP22.50$c0$e01-jan-2021$fGBP22.50$g0$hA$5Uk
=FIN  \\$aY
=LEO  \\$aMP10.0000360064
=LKR  \\$aPAR$b002236591$lBLL01$r78000$mMass-Observation bulletin.$nM-O bulletin.
=SRC  \\$aDSS01$bbibmp10.200404.2.aa
=TCO  \\$aCLA$bCLA$c008
=ACF  \\$aPrevious copyright fee: GBP9.00$c0$e01-apr-2010$fGBP9.00$g0$hA$5Uk
=ACF  \\$aPrevious copyright fee: GBP6.00$c0$e01-apr-2008$fGBP6.00$g0$hA$5Uk
=ACF  \\$aPrevious copyright fee: GBP5.00$c0$e01-jul-2002$fGBP5.00$g0$hA$5Uk
=ACF  \\$aCurrent copyright fee: GBP4.40$c0$e01-jul-1998$fGBP4.40$g0$hA$5Uk
=ACF  \\$aCurrent copyright fee: GBP4.20$c0$e01-apr-1997$fGBP4.20$g0$hA$5Uk
=ACF  \\$aPrevious copyright fee: GBP10.50$c0$e01-jan-2011$fGBP10.50$g0$hA$5Uk
=ACF  \\$aPrevious copyright fee: GBP12.00$c0$e01-jan-2012$fGBP12.00$g0$hA$5Uk
=ACF  \\$aPrevious Copyright Fee: GBP12.30$c0$e01-jan-2014$fGBP12.30$g0$hA$5Uk
=ACF  \\$aPrevious Copyright Fee: GBP15.00$c0$e01-jan-2017$fGBP15.00$g0$hA$5Uk
=ACF  \\$aPrevious Copyright Fee: GBP17.50$c0$e01-jan-2018$fGBP17.50$g0$hA$5Uk
=ACF  \\$aPrevious Copyright Fee: GBP20.00$c0$e01-jan-2020$fGBP20.00$g0$hA$5Uk
=LAS  \\$aIPL-CLA$b00$c20221231$lBLL01$h2023

