=LDR  01382 am a2200409ua 4500
=001  011926537
=003  Uk
=005  20181016173900.0
=008  010719s1929\\\\yu\\\\\||\\\\\000\|csrp\\
=FMT  \\$a  BK
=019  1\$ar7415520
=040  \\$aUk$cUk
=100  1\$aLazarević, Jelena.
=245  10$aEngleskinje u srpskom narodu /$cJelena Lazarević.
=260  \\$aBeograd :$bIzdanje Beogradskog ženskog društva,$c1929.
=300  \\$a272 p. :$bill., ports. ;$c23 cm.
=336  \\$atext$2rdacontent
=337  \\$aunmediated$2rdamedia
=338  \\$avolume$2rdacarrier
=650  \0$aWomen$zGreat Britain.
=650  \0$aWomen in charitable work$y19th century.
=650  \0$aWomen$zYugoslavia$zSerbia.
=650  \0$aWorld War, 1914-1918$xWomen$zSerbia.
=650  \0$aWorld War, 1914-1918$xWomen$zGreat Britain.
=650  \0$aEuropean War, 1914-1918$xWomen's work.
=651  \0$aGreat Britain$xRelations$zYugoslavia$zSerbia.
=651  \0$aSerbia$xRelations$zGreat Britain.
=852  41$aBritish Library$bHMNTS$zMisshelved
=957  \\$a820930d
=CAT  \\$aCONV$b00$c20040425$lBLL90$h0754
=CAT  \\$aCONV$b00$c20040502$lBLL01$h1450
=CAT  \\$aBATCH$b00$c20091122$lBLL01$h2328
=CAT  \\$aW1810-0931$c20181016$lBLL01$h1739
=FIN  \\$aY
=LEO  \\$aMP13.0001239202
=SRC  \\$aHSS01$bbibmp13.200404.2.ac
=LAS  \\$aW1810-0931$b00$c20181016$lBLL01$h1739

