=LDR  01354 as a2200397ua 4500
=001  012090935
=003  Uk
=005  20091123005900.0
=008  841016d1950\\\\vp\a|\p|||\\\|1\\\||mul\\
=019  0\$as005334004
=040  \\$aUk$cUk
=084  \\$aUW 00$2blsrissc
=111  2\$aInternational Astronautical Congress.
=245  00$aInternational Astronautical Congress.
=260  \\$c1950-82.
=336  \\$atext$2rdacontent
=337  \\$aunmediated$2rdamedia
=338  \\$avolume$2rdacarrier
=500  \\$aFrom 4th, 1953, organised by the International Astronautical Federation.
=500  \\$aPublisher varies.
=500  \\$aSize varies.
=580  \\$aContinued as "International Astronautical Federation. Congress", q.v.
=710  2\$aInternational Astronautical Federation.
=852  71$aBritish Library$bSTI$2blsrissc$31950-1982; 1st, 1950 - 32nd, 1981. ; Deficient: 17th, 1966
=886  2\$2blmarc$a029$b00$aS005334357
=968  \\$aC
=CAT  \\$aCONV$b00$c20040425$lBLL90$h0851
=CAT  \\$aCONV$b00$c20040502$lBLL01$h1456
=CAT  \\$aBATCH$b00$c20091123$lBLL01$h0059
=FIN  \\$aY
=FMT  \\$a  SE
=LAS  \\$aBATCH$b00$c20091123$lBLL01$h0059
=LEO  \\$aMP25.0000000389
=SRC  \\$aSRI01$bbibmp25.200404.2.aa
=SSD  \\$a50300{dollar}aContinued as "International Astronautical Federation. Congress", q.v.
=TCO  \\$aXXX$c008

