=LDR  01568 as a2200445ua 4500
=001  012091726
=003  Uk
=005  20050722141725.0
=008  841127c1950\\\\vp\\|\p|||\\\|1\\\||mul\\
=019  0\$as016417070
=040  \\$aUk$cUk
=084  \\$aJB 00$2blsrissc
=111  2\$aInternational Congress of Pure and Applied Chemistry.
=245  00$aInternational Congress of Pure and Applied Chemistry.
=260  \\$c1950-
=336  \\$atext$2rdacontent
=337  \\$aunmediated$2rdamedia
=338  \\$avolume$2rdacarrier
=500  \\$aSponsored by the International Union of Chemistry, later International Union of Pure and Applied Chemistry.
=500  \\$aPublisher varies.
=500  \\$aSize varies.
=504  \\$aSome issues consist of abstracts of papers.
=515  \\$a12th, 1951 not published.
=580  \\$aContinuation of "Congresso internazionale di chimica", q.v.
=710  2\$aInternational Union of Pure and Applied Chemistry.
=852  71$aBritish Library$bSTI$2blsrissc$31950- ; 11th, 1947-
=886  2\$2blmarc$a029$b00$aS016417062
=968  \\$bX
=CAT  \\$aCONV$b00$c20040425$lBLL90$h0851
=CAT  \\$aCONV$b00$c20040502$lBLL01$h1456
=CAT  \\$a10743$b40$c20050722$lBLL01$h1417
=CAT  \\$a5100$b40$c20090422$lBLL01$h0745
=CAT  \\$aBATCH$b00$c20091123$lBLL01$h0059
=FIN  \\$aY
=FMT  \\$a  SE
=LAS  \\$aBATCH$b00$c20091123$lBLL01$h0059
=LEO  \\$aMP25.0000001307
=SRC  \\$aSRI01$bbibmp25.200404.2.aa
=SSD  \\$a50300{dollar}aContinuation of "Congresso internazionale di chimica", q.v
=TCO  \\$aXXX$c008

