=LDR  01086 am a2200349ua 4500
=001  012095720
=003  Uk
=005  20190423171457.0
=008  890620|1924\\\\enk\\\\||\\\\||||\||eng\\
=019  0\$as062756001
=040  \\$aUk$cUk
=084  \\$aTD 91$2blsrissc
=084  \\$aST 20(J)$2blsrissc
=110  2\$aJohn Brown & Company Limited.
=245  10$aGeneral description of the works and products of John Brown and Co.
=260  \\$aSheffield,$c1924.
=300  \\$a84 pages ;$c29 x 41 cm.
=336  \\$atext$2rdacontent
=337  \\$aunmediated$2rdamedia
=338  \\$avolume$2rdacarrier
=852  71$aBritish Library$bSTI$cRES$kTrade Literature Collection$2blsrissc
=968  \\$bX
=CAT  \\$aCONV$b00$c20040425$lBLL90$h0851
=CAT  \\$aCONV$b00$c20040502$lBLL01$h1456
=CAT  \\$aBATCH$b00$c20091123$lBLL01$h0101
=CAT  \\$a10743$b40$c20111020$lBLL01$h1227
=CAT  \\$aW1903-0505$b00$c20190423$lBLL01$h1714
=FIN  \\$aY
=FMT  \\$a  BK
=LAS  \\$aW1903-0505$b00$c20190423$lBLL01$h1714
=LEO  \\$aMP25.0000005526
=SRC  \\$aSRI01$bbibmp25.200404.2.aa

