=LDR  01260 as a2200373ua 4500
=001  012103119
=003  Uk
=005  20070717145908.0
=008  840501d1951\\\\vp\a|\p|||\\\|1\\\||fre\\
=019  0\$as094275092
=040  \\$aUk$cUk
=084  \\$aKT 00$2blsrissc
=110  2\$aSociété de chimie physique.$bRéunion.
=245  00$aSociété de chimie physique, Réunion.
=260  \\$aDordrecht :$bReidel,$c1951-74.
=300  \\$c25-28 cm.
=336  \\$atext$2rdacontent
=337  \\$aunmediated$2rdamedia
=338  \\$avolume$2rdacarrier
=580  \\$aContinued as "Société de chimie physique. International Meeting", q.v.
=852  71$aBritish Library$bSTI$2blsrissc$31951-1974; 1e, 1951 - 24e, 1972. ; Deficient: 22e, 1971
=886  2\$2blmarc$a029$b00$aS094275106
=968  \\$aC
=CAT  \\$aCONV$b00$c20040425$lBLL90$h0851
=CAT  \\$aCONV$b00$c20040502$lBLL01$h1456
=CAT  \\$a11249$b40$c20070717$lBLL01$h1459
=CAT  \\$aBATCH$b00$c20091123$lBLL01$h0103
=FIN  \\$aY
=FMT  \\$a  SE
=LAS  \\$aBATCH$b00$c20091123$lBLL01$h0103
=LEO  \\$aMP25.0000013439
=SRC  \\$aSRI01$bbibmp25.200404.2.aa
=SSD  \\$a50300{dollar}aContinued as "Société de chimie physique. International Meeting", q.v
=TCO  \\$aXXX$c008

