=LDR  01099 as a2200361ua 4500
=001  012104046
=003  Uk
=005  20091123010400.0
=008  841106c1955\\\\vp\\|\p|||\\\|1\\\||mul\\
=019  0\$as096021004
=040  \\$aUk$cUk
=084  \\$aPU 30$2blsrissc
=111  2\$aInternational Conference on Nuclear Physics.
=245  00$aInternational Conference on Nuclear Physics.
=260  \\$c1955-
=336  \\$atext$2rdacontent
=337  \\$aunmediated$2rdamedia
=338  \\$avolume$2rdacarrier
=500  \\$aSponsored by the International Union of Pure and Applied Physics.
=500  \\$aPublisher varies.
=500  \\$aSize varies.
=710  2\$aInternational Union of Pure and Applied Physics.
=852  71$aBritish Library$bSTI$2blsrissc$31955- ; 1954-
=968  \\$aC
=CAT  \\$aCONV$b00$c20040425$lBLL90$h0851
=CAT  \\$aCONV$b00$c20040502$lBLL01$h1456
=CAT  \\$aBATCH$b00$c20091123$lBLL01$h0104
=FIN  \\$aY
=FMT  \\$a  SE
=LAS  \\$aBATCH$b00$c20091123$lBLL01$h0104
=LEO  \\$aMP25.0000014568
=SRC  \\$aSRI01$bbibmp25.200404.2.aa
=TCO  \\$aXXX$c008

