=LDR  01402 as a2200385ui 4500
=001  012104171
=003  Uk
=005  20150802204600.0
=008  780725d19521953xxuar\p|||\\\o1\\\||eng\\
=019  0\$as09625100x
=040  \\$aUk$cUk
=084  \\$aRK 33$2blsrissc
=111  2\$aConference on Cooling of Airborne Electronic Equipment.
=245  00$aProceedings of the Conference on Cooling of Airborne Electronic Equipment.
=260  \\$aColumbus, Ohio :$bOhio State University,$c1952-53.
=300  \\$c27cm.
=310  \\$aAnnual
=336  \\$atext$2rdacontent
=337  \\$aunmediated$2rdamedia
=338  \\$avolume$2rdacarrier
=500  \\$aSponsored by the Ohio State University Research Foundation and the Wright Air Development Center.
=710  2\$aOhio State University.$bResearch Foundation.
=710  2\$aWright Air Development Center.
=852  71$aBritish Library$bSTI$2blsrissc$31952-1953; [1st], 1952 - 2nd, 1953***See entries for individual conferences
=CAT  \\$aCONV$b00$c20040425$lBLL90$h0851
=CAT  \\$aCONV$b00$c20040502$lBLL01$h1456
=CAT  \\$aglobal_upd$b40$c20060417$lBLL01$h1842
=CAT  \\$aBATCH$b00$c20091210$lBLL01$h0650
=CAT  \\$aBATCH-UPD$b00$c20150802$lBLL01$h2046
=FIN  \\$aY
=FMT  \\$a  SE
=LAS  \\$aBATCH-UPD$b00$c20150802$lBLL01$h2046
=LEO  \\$aMP25.0000014706
=SRC  \\$aSRI01$bbibmp25.200404.2.aa
=TCO  \\$aTRS$bCCC$c008

