=LDR  01925cam a22005173u 4500
=001  012365619
=003  Uk
=005  20230331163640.0
=008  980330s1998\\\\enk\\\\||b\\\\001\||eng\|
=FMT  \\$a  BK
=019  a\$aG05561164
=020  \\$a041517970X (alk. paper)
=020  \\$cCIP entry
=040  \\$aDLC$cDLC$dUk
=043  \\$ae------
=050  00$aHE8700.79.E85
=082  04$a384.55/094$221
=100  1\$aCollins, Richard,$d1946-
=245  10$aFrom satellite to single market :$bnew communication technology and European Public Service television /$cRichard Collins.
=260  \\$aLondon ;$aNew York :$bRoutledge,$c1998.
=300  \\$ap. cm.
=336  \\$atext$2rdacontent
=337  \\$aunmediated$2rdamedia
=338  \\$avolume$2rdacarrier
=490  0\$aRoutledge research in cultural and media studies
=504  \\$aIncludes bibliographical references and index.
=540  \\$aCurrent Copyright Fee: GBP34.00$c0$5Uk
=650  \0$aPublic television$zEuropean Union countries$xHistory.
=650  \0$aDirect broadcast satellite television$zEuropean Union countries$xHistory.
=886  2\$2blmarc$a010$b00$a98006977
=852  41$aBritish Library$bDSC$i8026.5153 v5
=CAT  \\$aCONV$b00$c20040425$lBLL90$h0647
=CAT  \\$aCONV$b00$c20040502$lBLL01$h1506
=CAT  \\$aglobal_upd$b40$c20060417$lBLL01$h1440
=CAT  \\$aBATCH$b00$c20091210$lBLL01$h2258
=CAT  \\$aBATCH$b00$c20091225$lBLL01$h0152
=CAT  \\$aBATCH-CLAB$c20220330$lBLL01$h1802
=CAT  \\$aIPL-CLA$c20220331$lBLL01$h2220
=CAT  \\$aBATCH-CLAB$c20230324$lBLL01$h1416
=CAT  \\$aIPL-CLA$c20230331$lBLL01$h1636
=CFI  0\$aCurrent Copyright Fee: GBP34.00$c0$e01-apr-2023$fGBP34.00$g0$hC$5Uk
=CFI  2\$aPrevious Copyright Fee: GBP28.00$c0$e01-apr-2022$fGBP28.00$g0$hC$5Uk
=FIN  \\$aY
=LEO  \\$aMP8.0001445165
=SRC  \\$aDSC01$bbibmp8.200404.2.ab
=LAS  \\$aIPL-CLA$b00$c20230331$lBLL01$h1636

