=LDR  01921cam a22005173u 4500
=001  012379401
=003  Uk
=005  20230331163701.0
=008  030204s2002\\\\xxu\\\\||b\\\\001\||eng\|
=FMT  \\$a  BK
=019  g\$aadv500425902X
=019  a\$aG07633012
=020  \\$a0415937191
=020  \\$cCIP entry
=040  \\$aDLC$cDLC$dUk
=050  00$aPN56.H55
=082  04$a809.3/9358$221
=100  1\$aKokkola, Lydia,$d1967-
=245  10$aRepresenting the Holocaust in children's literature /$cby Lydia Kokkola.
=260  \\$aNew York :$bRoutledge,$c2002.
=300  \\$ap. cm.
=336  \\$atext$2rdacontent
=337  \\$aunmediated$2rdamedia
=338  \\$avolume$2rdacarrier
=490  1\$aChildren's literature and culture ;$v26
=504  \\$aIncludes bibliographical references and index.
=598  \\$aPROV.RECORD
=540  \\$aCurrent Copyright Fee: GBP34.00$c0$5Uk
=650  \0$aHolocaust, Jewish (1939-1945)$vJuvenile fiction$xHistory and criticism.
=650  \0$aHolocaust, Jewish (1939-1945), in literature$vBiography$vJuvenile literature$xHistory and criticism.
=650  \0$aHolocaust, Jewish (1939-1945), in literature$vPersonal narratives$vJuvenile literature$xHistory and criticism.
=830  \0$aChildren's literature and culture (Routledge (Firm)) ;$v26.
=886  2\$2blmarc$a010$b00$a2002007396
=852  41$aBritish Library$bDSC$i3172.99085
=966  \\$lACQUIS 24/01/2003
=CAT  \\$aCONV$b00$c20040425$lBLL90$h0654
=CAT  \\$aCONV$b00$c20040502$lBLL01$h1507
=CAT  \\$aglobal_upd$b40$c20060417$lBLL01$h1446
=CAT  \\$aBATCH$b00$c20091210$lBLL01$h2306
=CAT  \\$aBATCH-CLAB$c20230324$lBLL01$h1424
=CAT  \\$aIPL-CLA$c20230331$lBLL01$h1637
=CFI  0\$aCurrent Copyright Fee: GBP34.00$c0$e01-apr-2023$fGBP34.00$g0$hC$5Uk
=FIN  \\$aY
=LEO  \\$aMP8.0001802877
=SRC  \\$aDSC01$bbibmp8.200404.2.ac
=LAS  \\$aIPL-CLA$b00$c20230331$lBLL01$h1637

