=LDR  01383 am a22003853u 4500
=001  012382016
=003  Uk
=005  20201017092230.0
=008  020730|1993\\\\|||\\\\||\\\\\000\||eng\|
=019  g\$aadv5003901682
=019  a\$aG07654423
=040  \\$aUk$cUk
=100  1\$aClahsen, H.
=245  14$aThe missing agreement account of specific language impairment: Evidence from therapy experiments.
=260  \\$bDepartment of Language & Linguistics, University of Essex,$c1993.
=336  \\$atext$2rdacontent
=337  \\$aunmediated$2rdamedia
=338  \\$avolume$2rdacarrier
=490  0\$aEssex Research Reports In Linguistics
=852  41$aBritish Library$bDSC$i3812.0975
=883  0\$aLanguage codes assigned by Bayesian analysis of words present in record$d20200826$qUk$c0.9919
=945  \\$aEssex research reports in linguistics
=966  \\$lSPACQ 07/08/2002
=985  \\$aUpgraded by BSS-generated file for WR2009-0365
=CAT  \\$aCONV$b00$c20040425$lBLL90$h0654
=CAT  \\$aCONV$b00$c20040502$lBLL01$h1507
=CAT  \\$aglobal_upd$b40$c20060417$lBLL01$h1447
=CAT  \\$aBATCH$b00$c20091210$lBLL01$h2307
=CAT  \\$aBATCH$b00$c20091225$lBLL01$h0153
=CAT  \\$aW2009-0365$b00$c20201017$lBLL01$h0922
=FIN  \\$aY
=FMT  \\$a  BK
=LAS  \\$aW2009-0365$b00$c20201017$lBLL01$h0922
=LEO  \\$aMP8.0001809397
=SRC  \\$aDSC01$bbibmp8.200404.2.ac

