=LDR  01075cas a22003013  4500
=001  012436079
=003  Uk
=005  20220711114817.0
=008  040415d\\\\200u|||a|||||||||||||||0ger\\
=FMT  \\$a  SE
=245  00$aHANDBUCH DER ALTERTUMSWISSENSCHAFT ABTEILUNG 10 RECHTSGESCHICHTE DES ALTERTUMS
=336  \\$atext$2rdacontent
=337  \\$aunmediated$2rdamedia
=338  \\$avolume$2rdacarrier
=883  0\$aLanguage codes assigned by Bayesian analysis of words present in record$d20201028$qUk$c0.9010
=852  41$aBritish Library$bHMNTS$cSPHOA
=985  \\$aUpgraded by BSS-generated file for WR2011-1472
=A02  \\$a1329946$z129946
=CAT  \\$aCONV$b00$c20040425$lBLL90$h0713
=CAT  \\$aCONV$b00$c20040502$lBLL01$h1508
=CAT  \\$aBATCH$b00$c20091210$lBLL01$h2331
=CAT  \\$aBATCH$b00$c20091214$lBLL01$h0844
=CAT  \\$aBATCH$b00$c20091216$lBLL01$h0217
=CAT  \\$aW2011-1472$b00$c20201127$lBLL01$h1803
=CAT  \\$a6490$b40$c20220711$lBLL01$h1148
=SRC  \\$aDSS02$bbibh.200404.2.aa
=TCO  \\$aZZZ$c008
=LAS  \\$a6490$b40$c20220711$lBLL01$h1148

