=LDR  01105 as a22003013  4500
=001  012442112
=003  Uk
=005  20201127180415.0
=008  040415d\\\\\\\\|||a|||||||||||||||0ger\\
=245  00$aHANDBUCH DER ALTERTUMSWISSENSCHAFT ABTEILUNG 2 GRIECHISCHE GRAMMATIK, LATE INISCHE GRAMMATIK, RHETORIK
=336  \\$atext$2rdacontent
=337  \\$aunmediated$2rdamedia
=338  \\$avolume$2rdacarrier
=852  41$aBritish Library$bHMNTS$cSPHOA
=883  0\$aLanguage codes assigned by Bayesian analysis of words present in record$d20201028$qUk$c0.9010
=985  \\$aUpgraded by BSS-generated file for WR2011-1472
=A02  \\$a1329940$z129940
=CAT  \\$aCONV$b00$c20040425$lBLL90$h0713
=CAT  \\$aCONV$b00$c20040502$lBLL01$h1509
=CAT  \\$aBATCH$b00$c20091210$lBLL01$h2334
=CAT  \\$aBATCH$b00$c20091214$lBLL01$h0846
=CAT  \\$aBATCH$b00$c20091216$lBLL01$h0219
=CAT  \\$a8201$b40$c20140325$lBLL01$h0957
=CAT  \\$aW2011-1472$b00$c20201127$lBLL01$h1804
=FMT  \\$a  SE
=LAS  \\$aW2011-1472$b00$c20201127$lBLL01$h1804
=SRC  \\$aDSS02$bbibh.200404.2.aa
=TCO  \\$aZZZ$c008

