=LDR  01550 am a22003493i 4500
=001  013775636
=003  Uk
=005  20190614183914.0
=008  070621m1959uuuuau\\\\\\\\\\\\00|\0\ger|d
=024  2\$aM500252252 (pbk.) :$cEUR132.20
=028  30$aMWV 9$bMWV, Musikwissenschaftlicher Verlag
=035  \\$a(GyWOH)har005076749
=040  \\$aGyWOH$beng$cGyWOH
=100  1\$aBruckner, Anton,$d1824-1896.
=245  10$aSämtliche Werke :$bKritische Gesamtausgabe /$cAnton Bruckner ; herausgegeben von der Generaldirektion der Österreichischen Nationalbibliothek und der Internationalen Bruckner-Gesellschaft ; unter Leitung von Leopold Nowak.
=250  \\$aKrit. Neuausg.$bunter Berücksichtigung der Arbeiten von Alfred Orel und Leopold Nowak.
=260  \\$aWien :$bMWV, Musikwissenschaftlicher Verlag,$c1959-
=300  \\$av.
=336  \\$atext$2rdacontent
=337  \\$aunmediated$2rdamedia
=338  \\$avolume$2rdacarrier
=500  \\$aComposer collected edition.
=500  \\$aComplete in ? v.
=505  10$gBand IX.$tIX. Symphonie d-Moll : (1. Satz - Scherzo & Trio - Adagio) /$rAnton Bruckner ; vorgelegt von Benjamin Gunnar Cohrs.
=852  41$aBritish Library$bDSC$cMUSIC
=883  0\$aLanguage codes assigned by Bayesian analysis of words present in record$d20181024$qUk$c0.997
=CAT  \\$aBATCH-HARR$b00$c20070622$lBLL01$h0926
=CAT  \\$aBATCH$b00$c20070622$lBLL01$h0928
=CAT  \\$aW1903-1550$b00$c20190614$lBLL01$h1839
=FMT  \\$a  BK
=LAS  \\$aW1903-1550$b00$c20190614$lBLL01$h1839
=SRC  \\$aHarrassowitz - Supplier

