=LDR  01918 cm a2200565 a 4500
=001  013775665
=003  Uk
=005  20081103093305.0
=008  060628r20061977gw\uub\\\i\\\\\n\\\\zxx\d
=028  32$a479$bMPH, Musikproduktion Höflich
=028  32$a16848$bUniversal-Edition
=035  \\$a(GyWOH)har065006452
=035  \\$a(OCoLC)ocm70532253$z(OCoLC)70532253
=040  \\$aYUS$cYUS$dUk
=041  0\$geng$gger
=042  \\$aukblsr
=045  0\$bd1934
=048  \\$aoa
=082  04$a784.2$222
=100  1\$aMartin, Frank,$d1890-1974.
=240  10$aGuitare,$morchestra
=245  10$aGuitare :$bpour orchestre : (1934) /$cFrank Martin.
=260  \\$aMünchen :$bMPH, Musikproduktion Höflich,$c2006.
=300  \\$a1 miniature score (59 p.) ;$c23 cm.
=336  \\$anotated music$2rdacontent
=337  \\$aunmediated$2rdamedia
=338  \\$avolume$2rdacarrier
=490  1\$aRepertoire explorer
=500  \\$aTitle from cover.
=500  \\$aReprint. Originally published: Zürich : Universal-Edition, c1977.
=500  \\$aReproduced from holograph.
=500  \\$aPref. in English and German by Bradford Robinson.
=505  0\$aPrélude -- Air -- Plainte -- Gigue.
=600  10$aMartin, Frank,$d1890-1974$vManuscripts$vFacsimiles.
=650  \0$aOrchestral music$vScores.
=650  \0$aMusic$vManuscripts$vFacsimiles.
=700  1\$aRobinson, J. Bradford.
=830  \0$aRepertoire explorer.
=852  41$aBritish Library$bDSC$cMUSIC
=CAT  \\$aBATCH-HARR$b00$c20070622$lBLL01$h0926
=CAT  \\$aBATCH$b00$c20070622$lBLL01$h0928
=CAT  \\$a8870$b40$c20081103$lBLL01$h0933
=CAT  \\$aBATCH$b00$c20091217$lBLL01$h0458
=CAT  \\$aBATCH$b00$c20100103$lBLL01$h1251
=CAT  \\$aBATCH-UPD$b00$c20150913$lBLL01$h2132
=FIN  \\$aY$d20081103
=FMT  \\$a  MU
=LAS  \\$aBATCH-UPD$b00$c20150913$lBLL01$h2132
=SID  \\$aZ39$bOXFORD
=SRC  \\$aHarrassowitz - Supplier

