=LDR  01450 cm a2200433 a 4500
=001  013788680
=003  Uk
=005  20080116185901.0
=008  050826r20051928gw\opb\\\beh\\\n\\\\ger\d
=028  32$a36$bMusikproduktion Höflich
=035  \\$a(OCoLC)61486203
=040  \\$aYUS$cYUS$dRES$dIXA$dOCLCQ$dUk
=041  0\$ager$geng$gger$heng
=045  0\$bd1926
=050  \4$aM1500$b.K92 op.49
=082  04$a782.1$222
=100  1\$aKrenek, Ernst,$d1900-1991.
=245  14$aDer Diktator :$btragische Oper in einem Akt (zwei Bildern) : op. 49 /$cErnst Křenek.
=260  \\$aMünchen :$bMusikproduktion Höflich,$c[2005].
=300  \\$a1 score (107 p.) ;$c23 cm.
=336  \\$anotated music$2rdacontent
=337  \\$aunmediated$2rdamedia
=338  \\$avolume$2rdacarrier
=490  1\$aOpera explorer
=500  \\$aReprint. Originally published: Wien : Universal Edition, c1928.
=500  \\$aIncludes pref. in English and German.
=650  \0$aOperas$vScores.
=830  \0$aOpera explorer.
=852  41$aBritish Library$bDSC$cMUSIC
=CAT  \\$a8870$b40$c20070710$lBLL01$h1348
=CAT  \\$a8870$b40$c20070710$lBLL01$h1402
=CAT  \\$a4587$b40$c20080116$lBLL01$h1859
=CAT  \\$aBATCH$b00$c20091217$lBLL01$h0500
=CAT  \\$aBATCH$b00$c20100103$lBLL01$h1253
=CAT  \\$aBATCH-UPD$b00$c20170626$lBLL01$h2028
=FIN  \\$aY$d20070710
=FMT  \\$a  MU
=LAS  \\$aBATCH-UPD$b00$c20170626$lBLL01$h2028
=SID  \\$aZ39$bOCLC

