=LDR  01401aas a2200409 a 4500
=001  013791056
=003  Uk
=005  20130415094620.0
=007  ta
=008  070711d200u2011stkfr\p\\\\\\\0\\\a0eng\\
=040  \\$aUk$beng$cUk
=042  \\$aukblsr
=082  04$a338.1309411$222
=245  00$aAgribusiness focus :$bideas and insight for your business.
=250  \\$a[Scotland ed.].
=260  \\$a[Glasgow :$bClydesdale Bank,$c-2011]
=300  \\$av. :$bcol. ill., col. ports. ;$c25 cm.
=310  \\$aSemiannual
=336  \\$atext$2rdacontent
=337  \\$aunmediated$2rdamedia
=338  \\$avolume$2rdacarrier
=362  1\$aCeased in 2011.
=500  \\$aDescription based on: Issue 10 (Summer 2007).
=650  \0$aAgricultural industries$zScotland$xFinance$vPeriodicals.
=650  \0$aAgricultural industries$zGreat Britain$xFinance$vPeriodicals.
=710  2\$aClydesdale Banking Company.
=785  00$tAgribusiness update
=852  11$aBritish Library$bSTI$cBIPC$kBIPC Trade Literature Collection$3Issue 10 (2007)-issue 18 (2011)
=CAT  \\$a8871$b40$c20070711$lBLL01$h1452
=CAT  \\$a12179$b40$c20070713$lBLL01$h1230
=CAT  \\$aBATCH-UPD$b40$c20070713$lBLL01$h1241
=CAT  \\$aBATCH$b00$c20081124$lBLL01$h1134
=CAT  \\$a11205$b40$c20130415$lBLL01$h0946
=FIN  \\$aY$d20070711
=FMT  \\$a  SE
=LAS  \\$a11205$b40$c20130415$lBLL01$h0946
=TCO  \\$aCLA$bCLA$c008

