=LDR  04882cas a2201165 a 4500
=001  009734091
=003  Uk
=005  20221231192049.0
=007  ta
=008  980706c19979999enkau\\\\\\\\\0\\\a0eng\\
=FMT  \\$a  SE
=015  \\$aGB9776018$2bnb
=019  y\$ab9776018
=019  9\$ab9776018
=019  0\$as633959006
=019  c\$a2559525
=022  0\$a1463-2624$202
=039  0\$a2469
=040  \\$aUk$cUk$dUk
=042  \\$aissnuk
=082  04$a338.476663094105$221
=084  \\$aAL 74$2blsrissc
=210  0\$aProd. sales trade, PRA27 Househ. misc. ceram.
=222  \0$aProduct sales and trade. PRA27, Household & miscellaneous ceramics
=245  00$aProduct sales and trade.$pPRA27, Household & miscellaneous ceramics.
=246  3\$aProduct sales and trade. PRA27, Household and miscellaneous ceramics
=246  17$aPRA27, Household & miscellaneous ceramics
=260  \\$aLondon :$bStationery Office,$c1997-
=300  \\$av. ;$c30 cm.
=310  \\$aAnnual
=336  \\$atext$2rdacontent
=337  \\$aunmediated$2rdamedia
=338  \\$avolume$2rdacarrier
=362  0\$a1996-
=500  \\$aAt head of title: Office for National Statistics.
=500  \\$aAt foot of title: A publication of the Government Statistical Service.
=595  \\$aFORMERLY 4334.878N.
=540  \\$aCurrent Copyright Fee: GBP25.00$c0$5Uk
=650  \0$aCeramic tableware industry$zGreat Britain$xStatistics$xPeriodicals.
=650  \0$aCeramic industries$zGreat Britain$xStatistics$xPeriodicals.
=651  \0$aGreat Britain$xCommerce$xStatistics$xPeriodicals.
=690  7\$aManagement and Business Studies$2blcoll
=710  1\$aGreat Britain.$bOffice for National Statistics.
=710  1\$aGreat Britain.$bGovernment Statistical Service.
=780  00$tAnnual report 27, household & miscellaneous ceramics
=852  71$aBritish Library$bSTI$cRES$k(XP) AL 74$m-E(130)$31996-1999
=945  \\$aPRODUCT SALES AND TRADE PRA27 HOUSEHOLD AND MISCELLANEOUS CERAMICS.
=963  \\$a1996- *A=1$bN$cOP.1100.435.025
=979  \\$aBritish Library$bDSC$j6853.052014N
=985  \\$aRecord merged by DQ Team
=CAT  \\$aCONV$b00$c20040425$lBLL90$h0556
=CAT  \\$aBATCH$b00$c20100401$lBLL01$h0423
=CAT  \\$aBATCH$b00$c20100401$lBLL01$h1439
=CAT  \\$aBATCH690$c20100715$lBLL01$h2101
=CAT  \\$aBATCH-MBS$c20100716$lBLL01$h2046
=CAT  \\$aBATCH-UPD$b00$c20101124$lBLL01$h1820
=CAT  \\$aBATCH-UPD$b00$c20101125$lBLL01$h1040
=CAT  \\$aIPL-CLA$c20101231$lBLL01$h1307
=CAT  \\$aWR11_203$c20111204$lBLL01$h1343
=CAT  \\$aIPL-CLA$c20111230$lBLL01$h1807
=CAT  \\$aBATCH-CLA$b00$c20121104$lBLL01$h1002
=CAT  \\$aWR13.005$c20130323$lBLL01$h1325
=CAT  \\$aBATCH-CLA$c20131217$lBLL01$h1826
=CAT  \\$aIPL-CLA$c20131231$lBLL01$h2022
=CAT  \\$aWR14_140$c20140905$lBLL01$h1735
=CAT  \\$aBATCH-CLA$b00$c20161222$lBLL01$h1721
=CAT  \\$aIPL-CLA$c20161230$lBLL01$h1911
=CAT  \\$aBATCH-CLA$b00$c20171222$lBLL01$h2021
=CAT  \\$aIPL-CLA$c20171231$lBLL01$h1444
=CAT  \\$aBATCH-CLA$b00$c20191219$lBLL01$h1646
=CAT  \\$aIPL-CLA$c20191231$lBLL01$h1803
=CAT  \\$aR2001-1524$c20200127$lBLL01$h1937
=CAT  \\$aBATCH-CLA$b00$c20201204$lBLL01$h1443
=CAT  \\$aIPL-CLA$c20201231$lBLL01$h2007
=CAT  \\$aBATCH-CLA$b00$c20221221$lBLL01$h1749
=CAT  \\$aIPL-CLA$c20221231$lBLL01$h1920
=CFI  0\$aCurrent Copyright Fee: GBP25.00$c0$e01-jan-2023$fGBP25.00$g0$hA$5Uk
=CFI  2\$aPrevious Copyright Fee: GBP22.50$c0$e01-jan-2021$fGBP22.50$g0$hA$5Uk
=FIN  \\$aY
=LEO  \\$aMP5.0000844231
=LEO  \\$aMP22.0000058601
=LEO  \\$aMP25.0000318438
=LEO  \\$aMP10.0000461799
=SRC  \\$aDSS01$bbibmp10.200404.2.aa
=SRC  \\$aBNB03$bbibmp5.200404.2.ab
=SRC  \\$aISN01$bbibmp22.200404.2.aa
=SRC  \\$aSRI01$bbibmp25.200404.2.aa
=TCO  \\$aCLA$bCLA$c008
=ACF  \\$aPrevious copyright fee: GBP9.00$c0$e01-apr-2010$fGBP9.00$g0$hA$5Uk
=ACF  \\$aPrevious copyright fee: GBP6.00$c0$e01-apr-2008$fGBP6.00$g0$hA$5Uk
=ACF  \\$aPrevious copyright fee: GBP5.00$c0$e01-jul-2002$fGBP5.00$g0$hA$5Uk
=ACF  \\$aCurrent copyright fee: GBP4.40$c0$e01-jul-1998$fGBP4.40$g0$hA$5Uk
=ACF  \\$aCurrent copyright fee: GBP4.20$c0$e31-dec-1997$fGBP4.20$g0$hA$5Uk
=ACF  \\$aPrevious copyright fee: GBP10.50$c0$e01-jan-2011$fGBP10.50$g0$hA$5Uk
=ACF  \\$aPrevious copyright fee: GBP12.00$c0$e01-jan-2012$fGBP12.00$g0$hA$5Uk
=ACF  \\$aPrevious Copyright Fee: GBP12.30$c0$e01-jan-2014$fGBP12.30$g0$hA$5Uk
=ACF  \\$aPrevious Copyright Fee: GBP15.00$c0$e01-jan-2017$fGBP15.00$g0$hA$5Uk
=ACF  \\$aPrevious Copyright Fee: GBP17.50$c0$e01-jan-2018$fGBP17.50$g0$hA$5Uk
=ACF  \\$aPrevious Copyright Fee: GBP20.00$c0$e01-jan-2020$fGBP20.00$g0$hA$5Uk
=LAS  \\$aIPL-CLA$b00$c20221231$lBLL01$h1920

