=LDR  02091 am a22006253u 4500
=001  009817155
=003  Uk
=005  20201023221629.0
=008  040421||||||||||||\\\\||\\\\\000\||eng\\
=FMT  \\$a  BK
=019  8\$angb200019119
=019  a\$aG07044960
=040  \\$aUk$cUk
=072  \7$a05A$2sigle
=072  \7$a05R$2sigle
=072  \7$a05B$2sigle
=082  04$a658$222
=082  04$a301$222
=082  04$a361$222
=082  04$a020$222
=110  1\$aGreat Britain.$bDepartment of Health.
=245  00$aIndex, sources and derivation of key indicators of local authority social services.
=260  \\$bGreat Britain, Department of Health,$cMay 2000.
=336  \\$atext$2rdacontent
=337  \\$aunmediated$2rdamedia
=338  \\$avolume$2rdacarrier
=653  \\$aManagement & business studies
=653  \\$aSociology
=653  \\$aInformation science & librarianship
=650  \0$aHuman services
=650  \0$aInformation science
=650  \0$aManagement
=650  \0$aSociology
=690  7\$aManagement and Business Studies$2blcoll
=690  7\$aSocial Welfare$2blcoll
=883  0\$aLanguage codes assigned by Bayesian analysis of words present in record$d20200826$qUk$c0.9919
=852  41$aBritish Library$bDSC$i4386.60
=945  \\$aIce abstracts ; May 2000
=985  \\$aRecord amended for WR# 13/070
=985  \\$aUpgraded by BSS-generated file for WR2009-0365
=CAT  \\$aCONV$b00$c20040425$lBLL90$h0652
=CAT  \\$aCONV$b00$c20040502$lBLL01$h1339
=CAT  \\$aUE-01$b00$c20050120$lBLL01$h1736
=CAT  \\$aglobal_upd$b40$c20060417$lBLL01$h0922
=CAT  \\$asigle_ddc$b40$c20070409$lBLL01$h1945
=CAT  \\$aBATCH$b00$c20091209$lBLL01$h2325
=CAT  \\$aWR13_070$b00$c20130504$lBLL01$h0205
=CAT  \\$aBATCH-UPD$b00$c20130505$lBLL01$h1129
=CAT  \\$aW2009-0365$b00$c20201017$lBLL01$h0907
=CAT  \\$aBATCH-MBS$c20201023$lBLL01$h2125
=CAT  \\$aBATCH-SWP$c20201023$lBLL01$h2216
=FIN  \\$aY
=LEO  \\$aMP8.0001656175
=SRC  \\$aDSC01$bbibmp8.200404.2.ac
=LAS  \\$aBATCH-SWP$b00$c20201023$lBLL01$h2216

