=LDR  01652 am a2200469 i 4500
=001  010339187
=003  Uk
=005  20190708144937.0
=008  040425r20182001nyuab\\\\b\\\|0|1\0|eng\\
=FMT  \\$a  BK
=015  \\$aGBB9C0087$2bnb
=020  \\$z9780312239619
=040  \\$aUk$beng$cUk$erda
=042  \\$aukblsr
=082  04$a912.496$223
=100  1\$aHupchick, Dennis P.,$eauthor,$ecartographer.
=245  14$aThe Palgrave concise historical atlas of the Balkans /$cDennis P. Hupchick and Harold E. Cox.
=264  \1$aNew York, N.Y. :$bPalgrave,$c[2018]
=264  \4$c©2001
=300  \\$a128 pages :$bmaps (black and white) ;$c25 cm
=336  \\$atext$2rdacontent
=336  \\$acartographic image$2rdacontent
=337  \\$aunmediated$2rdamedia
=338  \\$avolume$2rdacarrier
=500  \\$aOriginally published: 2001.
=504  \\$aIncludes bibliographical references and index.
=651  \0$aBalkan Peninsula$xHistory.
=651  \0$aBalkan Peninsula$xHistory$vMaps.
=651  \0$aBalkan Peninsula$xGeography$vMaps.
=700  1\$aCox, Harold E.,$d1931-$ecartographer.
=852  11$aBritish Library$bMAPS$kMaps Ref$h912.497
=CAT  \\$aCONV$b00$c20040425$lBLL90$h0533
=CAT  \\$aCONV$b00$c20040502$lBLL01$h1357
=CAT  \\$aBATCH$b00$c20091122$lBLL01$h1429
=CAT  \\$aW1801-1943$c20180217$lBLL01$h1851
=CAT  \\$aBATCH-UPD$b00$c20180218$lBLL01$h0222
=CAT  \\$aBATCH-UPD$b00$c20180301$lBLL01$h2050
=CAT  \\$a8964$b40$c20190708$lBLL01$h1446
=CAT  \\$a8964$b40$c20190708$lBLL01$h1447
=CAT  \\$a8964$b40$c20190708$lBLL01$h1449
=FIN  \\$aY$d20190708
=LAS  \\$a8964$b40$c20190708$lBLL01$h1449

