=LDR  01710 am a22005293u 4500
=001  010443551
=003  Uk
=005  20200424223311.0
=008  040421|2000\\\\|||\\\\||\\\\\000\||eng\\
=FMT  \\$a  BK
=019  8\$angb200027283
=019  a\$aG07104582
=040  \\$aUk$cUk
=072  \7$a05W$2sigle
=072  \7$a05R$2sigle
=082  04$a304.6$222
=082  04$a301$222
=082  04$a361$222
=100  1\$aMillward, Christine.
=245  02$aA description of non respondents to the Family Resources Survey 1998-1999.
=260  \\$bNational Centre for Social Research, London,$c2000.
=336  \\$atext$2rdacontent
=337  \\$aunmediated$2rdamedia
=338  \\$avolume$2rdacarrier
=650  \0$aDemography
=650  \0$aSociology
=650  \0$aHuman services
=653  \\$aDemography & population studies
=653  \\$aSociology
=690  7\$aSocial Welfare$2blcoll
=700  1\$aBrown, Jane.
=710  2\$aNational Centre for Social Research (Great Britain)
=852  41$aBritish Library$bDSC$i3555.935
=945  \\$aDescription of non-respondents to the family resources survey ; 2000
=985  \\$aUpgraded by BSS-generated file for WR1910-0531
=CAT  \\$aCONV$b00$c20040425$lBLL90$h0652
=CAT  \\$aCONV$b00$c20040502$lBLL01$h1400
=CAT  \\$aglobal_upd$b40$c20060417$lBLL01$h1043
=CAT  \\$a12179$b40$c20070126$lBLL01$h0823
=CAT  \\$asigle_ddc$b40$c20070409$lBLL01$h1950
=CAT  \\$aBATCH$b00$c20091210$lBLL01$h0143
=CAT  \\$aW1910-0531$b00$c20200417$lBLL01$h1818
=CAT  \\$aBATCH-SWP$c20200424$lBLL01$h2233
=FIN  \\$aY
=LEO  \\$aMP8.0001678769
=SRC  \\$aDSC01$bbibmp8.200404.2.ac
=LAS  \\$aBATCH-SWP$b00$c20200424$lBLL01$h2233

