=LDR  01400 am a22003853u 4500
=001  010446379
=003  Uk
=005  20100212184800.0
=008  010205s2000\\\\xxuab\\||\\\\o000\||eng\\
=FMT  \\$a  BK
=019  g\$aadv5001334292
=019  a\$aG07121695
=020  \\$a9211422396
=040  \\$aUk$cUk
=245  00$aSources and effects of ionizing radiation :$bUNSCEAR 2000 report to the General Assembly, with scientific annexes.$nVol. 2,$pEffects.
=260  \\$aNew York :$bU.N.,$c2000.
=300  \\$a566 p.
=336  \\$atext$2rdacontent
=337  \\$aunmediated$2rdamedia
=338  \\$avolume$2rdacarrier
=504  \\$aIncludes bibliographical references.
=710  2\$aUnited Nations.
=710  2\$aUnited Nations.$bScientific Committee on the Effects of Atomic Radiation.
=852  41$aBritish Library$bDSC$i9120.75
=945  \\$aUnscear report to the general assembly with scientific annexes - United Nations scientific committee on the effects of atomic radiation ; v 2
=966  \\$lACQUIS 31/01/2001
=CAT  \\$aCONV$b00$c20040425$lBLL90$h0652
=CAT  \\$aCONV$b00$c20040502$lBLL01$h1401
=CAT  \\$aglobal_upd$b40$c20060417$lBLL01$h1044
=CAT  \\$aBATCH$b00$c20091210$lBLL01$h0145
=CAT  \\$aBATCH-UPD$b00$c20100212$lBLL01$h1848
=FIN  \\$aY
=LEO  \\$aMP8.0001685354
=SRC  \\$aDSC01$bbibmp8.200404.2.ac
=LAS  \\$aBATCH-UPD$b00$c20100212$lBLL01$h1848

