=LDR  01434 am a22004453u 4500
=001  010446927
=003  Uk
=005  20091210014500.0
=008  001219s2001\\\\xxu\\\\||b\\\\000\||eng\|
=FMT  \\$a  BK
=019  a\$aG07123998
=020  \\$a0896291197 (pbk.)
=020  \\$cCIP entry
=040  \\$aDLC$cDLC$dUk
=043  \\$af-mw---
=050  00$aHC935.Z9
=082  04$a332.7/1/096897$221
=100  1\$aDiagne, Aliou.
=245  10$aAccess to credit and its impact on welfare in Malawi /$cAliou Diagne, Manfred Zeller.
=260  \\$aWashington, DC :$bInternational Food Policy Research Institute,$c2001.
=300  \\$ap. cm.
=336  \\$atext$2rdacontent
=337  \\$aunmediated$2rdamedia
=338  \\$avolume$2rdacarrier
=490  1\$aResearch report ;$v116
=504  \\$aIncludes bibliographical references.
=650  \0$aRural poor$zMalawi.
=650  \0$aAgricultural credit$zMalawi.
=700  1\$aZeller, Manfred.
=830  \0$aResearch report (International Food Policy Research Institute) ;$v116.
=886  2\$2blmarc$a010$b00$a00054679
=852  41$aBritish Library$bDSC$i7762.376
=CAT  \\$aCONV$b00$c20040425$lBLL90$h0652
=CAT  \\$aCONV$b00$c20040502$lBLL01$h1401
=CAT  \\$aglobal_upd$b40$c20060417$lBLL01$h1045
=CAT  \\$aBATCH$b00$c20091210$lBLL01$h0145
=FIN  \\$aY
=LEO  \\$aMP8.0001686894
=SRC  \\$aDSC01$bbibmp8.200404.2.ac
=LAS  \\$aBATCH$b00$c20091210$lBLL01$h0145

