=LDR  03310cam a22008293u 4500
=001  010448930
=003  Uk
=005  20221231194158.0
=008  \\\\\\|2000\\\\|||\\\\||\\\\o0||\||eng\\
=FMT  \\$a  BK
=019  8\$angb200032912
=019  a\$aG07136513
=040  \\$aUk$cUk
=072  \7$a05T$2sigle
=072  \7$a05S$2sigle
=082  04$a362.1$222
=082  04$a331$222
=110  1\$aGreat Britain.$bDepartment of Health.
=245  00$aGeneral practitioner recruitment, retention and vacancy survey 2000 for England and Wales.
=260  \\$bGreat Britain, Department of Health,$c2000.
=336  \\$atext$2rdacontent
=337  \\$aunmediated$2rdamedia
=338  \\$avolume$2rdacarrier
=540  \\$aCurrent Copyright Fee: GBP25.00$c0$5Uk
=653  \\$aHealth services & community care services
=653  \\$aLabour studies
=650  \0$aLabor
=650  \0$aMedical care
=690  7\$aManagement and Business Studies$2blcoll
=690  7\$aSocial Welfare$2blcoll
=710  1\$aGreat Britain.$bGovernment Statistical Service.
=852  41$aBritish Library$bDSC$i4107.852000
=945  \\$aGeneral practitioner recruitment, retention and vacancy survey for England and Wales ; 2000
=985  \\$aRecord amended for WR# 13/070
=CAT  \\$aCONV$b00$c20040425$lBLL90$h0652
=CAT  \\$aCONV$b00$c20040502$lBLL01$h1401
=CAT  \\$aUE-01$b00$c20050120$lBLL01$h1739
=CAT  \\$aglobal_upd$b40$c20060417$lBLL01$h1045
=CAT  \\$asigle_ddc$b40$c20070409$lBLL01$h1951
=CAT  \\$aBATCH$b00$c20091210$lBLL01$h0146
=CAT  \\$aBATCH-CLA$b00$c20120928$lBLL01$h1827
=CAT  \\$aBATCH-UPD$b00$c20120928$lBLL01$h2001
=CAT  \\$aBATCH-CLA$b00$c20120930$lBLL01$h1029
=CAT  \\$aWR13_070$b00$c20130504$lBLL01$h0211
=CAT  \\$aBATCH-UPD$b00$c20130505$lBLL01$h1308
=CAT  \\$aBATCH-CLA$b00$c20130508$lBLL01$h0712
=CAT  \\$aBATCH-CLA$c20131218$lBLL01$h2241
=CAT  \\$aIPL-CLA$c20131231$lBLL01$h2104
=CAT  \\$aBATCH-CLA$b00$c20161222$lBLL01$h1730
=CAT  \\$aIPL-CLA$c20161230$lBLL01$h1934
=CAT  \\$aBATCH-MBS$c20170106$lBLL01$h2113
=CAT  \\$aBATCH-SWP$c20170106$lBLL01$h2210
=CAT  \\$aBATCH-CLA$b00$c20171222$lBLL01$h2033
=CAT  \\$aIPL-CLA$c20171231$lBLL01$h1506
=CAT  \\$aBATCH-CLA$b00$c20191219$lBLL01$h1655
=CAT  \\$aIPL-CLA$c20191231$lBLL01$h1821
=CAT  \\$aBATCH-CLA$b00$c20201204$lBLL01$h1453
=CAT  \\$aIPL-CLA$c20201231$lBLL01$h2029
=CAT  \\$aBATCH-CLA$b00$c20221221$lBLL01$h1800
=CAT  \\$aIPL-CLA$c20221231$lBLL01$h1941
=CFI  0\$aCurrent Copyright Fee: GBP25.00$c0$e01-jan-2023$fGBP25.00$g0$hA$5Uk
=CFI  2\$aPrevious Copyright Fee: GBP22.50$c0$e01-jan-2021$fGBP22.50$g0$hA$5Uk
=FIN  \\$aY
=LEO  \\$aMP8.0001692664
=SRC  \\$aDSC01$bbibmp8.200404.2.ac
=TCO  \\$aCLA$bCLA$c008
=ACF  \\$aPrevious copyright fee: GBP12.00$c0$e01-jan-2012$fGBP12.00$g0$hA$5Uk
=ACF  \\$aPrevious Copyright Fee: GBP12.30$c0$e01-jan-2014$fGBP12.30$g0$hA$5Uk
=ACF  \\$aPrevious Copyright Fee: GBP15.00$c0$e01-jan-2017$fGBP15.00$g0$hA$5Uk
=ACF  \\$aPrevious Copyright Fee: GBP17.50$c0$e01-jan-2018$fGBP17.50$g0$hA$5Uk
=ACF  \\$aPrevious Copyright Fee: GBP20.00$c0$e01-jan-2020$fGBP20.00$g0$hA$5Uk
=LAS  \\$aIPL-CLA$b00$c20221231$lBLL01$h1941

