=LDR  01684 am a22004933u 4500
=001  010448934
=003  Uk
=005  20170203221200.0
=008  \\\\\\|2000\\\\|||\\\\||\\\\o0||\||eng\\
=FMT  \\$a  BK
=019  8\$angb200032917
=019  a\$aG07136518
=020  \\$a1857744063
=040  \\$aUk$cUk
=072  \7$a05W$2sigle
=082  04$a304.6$222
=245  00$aYorkshire and the Humber.
=260  \\$bGreat Britain, Department of the Environment, Transport and the Regions,$c2000.
=336  \\$atext$2rdacontent
=337  \\$aunmediated$2rdamedia
=338  \\$avolume$2rdacarrier
=490  0\$aRegion in figures ;$vno 2
=650  \0$aDemography
=653  \\$aDemography & population studies
=690  7\$aSocial Welfare$2blcoll
=700  1\$aEdwards, Gwyneth,$eEd.
=710  1\$aGreat Britain.$bDepartment of the Environment, Transport and the Regions.
=710  1\$aGreat Britain.$bOffice for National Statistics.
=852  41$aBritish Library$bDSC$i7336.57087
=945  \\$aRegion in Figures Yorkshire and the Humber ; no 2
=CAT  \\$aCONV$b00$c20040425$lBLL90$h0652
=CAT  \\$aCONV$b00$c20040502$lBLL01$h1401
=CAT  \\$aUE-01$b00$c20041111$lBLL01$h1724
=CAT  \\$aglobal_upd$b40$c20060417$lBLL01$h1045
=CAT  \\$asigle_ddc$b40$c20070409$lBLL01$h1951
=CAT  \\$aBATCH$b00$c20091210$lBLL01$h0146
=CAT  \\$aBATCH-UPD$b00$c20121203$lBLL01$h0409
=CAT  \\$aBATCH-UPD$b00$c20130310$lBLL01$h0616
=CAT  \\$aBATCH-UPD$b00$c20170129$lBLL01$h2034
=CAT  \\$aBATCH-SWP$c20170203$lBLL01$h2212
=FIN  \\$aY
=LEO  \\$aMP8.0001692669
=SRC  \\$aDSC01$bbibmp8.200404.2.ac
=LAS  \\$aBATCH-SWP$b00$c20170203$lBLL01$h2212

