=LDR  01494 am a22004093u 4500
=001  010456456
=003  Uk
=005  20091225010400.0
=008  011002s1997\\\\fr\a\\\||\\\\\000\||fre\\
=FMT  \\$a  BK
=019  g\$aadv5002640176
=019  a\$aG07200976
=020  \\$c(pbk.)
=040  \\$aUk$cUk
=100  1\$aCallou, Cécile.
=245  10$aDiagnose différentielle des principaux éléments squelettiques du lapin (genre oryctolagus) et du lièvre (genre lepus) en Europe Occidentale /$cpar Cécile Callou.
=260  \\$aSophia Antipolis, France :$bLaboratoire d'archéozoologie, CNRS,$c1997.
=300  \\$a24 p. :$bill. ;$c30 cm.
=336  \\$atext$2rdacontent
=337  \\$aunmediated$2rdamedia
=338  \\$avolume$2rdacarrier
=490  0\$aFiches d'osteologie animale pour l'archeologie. Series B, mammiferes ;$vno. 8
=504  \\$aIncludes bibliographical references.
=710  2\$aCentre de recherches archéologiques.
=852  41$aBritish Library$bDSC$i3918.610
=945  \\$aFiches d osteologie animale pour l archeologie Serie B ; no 8
=966  \\$lACQUIS 24/09/2001
=980  \\$aCard
=CAT  \\$aCONV$b00$c20040425$lBLL90$h0652
=CAT  \\$aCONV$b00$c20040502$lBLL01$h1401
=CAT  \\$aglobal_upd$b40$c20060417$lBLL01$h1049
=CAT  \\$aBATCH$b00$c20091210$lBLL01$h0150
=CAT  \\$aBATCH$b00$c20091225$lBLL01$h0104
=FIN  \\$aY
=LEO  \\$aMP8.0001713909
=SRC  \\$aDSC01$bbibmp8.200404.2.ac
=LAS  \\$aBATCH$b00$c20091225$lBLL01$h0104

