=LDR  01337 am a22004093u 4500
=001  010456913
=003  Uk
=005  20200417181904.0
=008  040421||||||||||||\\\\||\\\\\000\||eng\\
=FMT  \\$a  BK
=019  8\$angb200104392
=019  a\$aG07202433
=040  \\$aUk$cUk
=072  \7$a010$2sigle
=082  04$a629.13$222
=110  0\$aComputerworld Smithsonian Program (U.S.)
=245  00$aComputerworld Smithsonian Program 1988-2000 :$ba search for new heroes.
=260  \\$bComputerworld Smithsonian Program.U.S.,$c[2000]
=336  \\$atext$2rdacontent
=337  \\$aunmediated$2rdamedia
=338  \\$avolume$2rdacarrier
=590  \\$aIncludes CD ROM
=650  \0$aAeronautics
=653  \\$aAeronautics, general
=852  41$aBritish Library$bDSC$i3394.9485V
=945  \\$aComputerworld honors program archive ; 1988-2000
=985  \\$aUpgraded by BSS-generated file for WR1910-0531
=CAT  \\$aCONV$b00$c20040425$lBLL90$h0652
=CAT  \\$aCONV$b00$c20040502$lBLL01$h1401
=CAT  \\$aglobal_upd$b40$c20060417$lBLL01$h1049
=CAT  \\$asigle_ddc$b40$c20070409$lBLL01$h1952
=CAT  \\$aBATCH$b00$c20091210$lBLL01$h0150
=CAT  \\$aW1910-0531$b00$c20200417$lBLL01$h1819
=FIN  \\$aY
=LEO  \\$aMP8.0001715194
=SRC  \\$aDSC01$bbibmp8.200404.2.ac
=LAS  \\$aW1910-0531$b00$c20200417$lBLL01$h1819

