=LDR  01105 am a22003253u 4500
=001  010457123
=003  Uk
=005  20190423171050.0
=008  010523s2000\\\\lu\ac\\||\\\\o000\||eng\\
=FMT  \\$a  BK
=019  a\$aG07203884
=040  \\$aUk$cUk
=245  04$aThe European Parliament at a glance.
=260  \\$aLuxembourg :$bOffice for Official Publications of the European Communities,$c[2000?]
=300  \\$a1 sheet ;$c32 x 36 cm, folded to 18 x 9 cm.
=336  \\$atext$2rdacontent
=337  \\$aunmediated$2rdamedia
=338  \\$asheet$2rdacarrier
=710  2\$aOffice for Official Publications of the European Communities.
=852  41$aBritish Library$bDSC$i3829.7718
=945  \\$aEuropean Parliament at a glance
=CAT  \\$aCONV$b00$c20040425$lBLL90$h0652
=CAT  \\$aCONV$b00$c20040502$lBLL01$h1401
=CAT  \\$aglobal_upd$b40$c20060417$lBLL01$h1049
=CAT  \\$aBATCH$b00$c20091210$lBLL01$h0150
=CAT  \\$aW1903-0505$b00$c20190423$lBLL01$h1710
=FIN  \\$aY
=LEO  \\$aMP8.0001715937
=SRC  \\$aDSC01$bbibmp8.200404.2.ac
=LAS  \\$aW1903-0505$b00$c20190423$lBLL01$h1710

