=LDR  03993cas a2200937 a 4500
=001  010470747
=003  Uk
=005  20221231194449.0
=007  ta
=008  040409c19269999it\ar\p\\\\\\\0\\\b0ita\\
=FMT  \\$a  SE
=019  c\$a2433507
=022  0\$a0393-5566
=040  \\$aUk$beng$cUk$dUk
=082  \\$a949.72$222$qUK-WkNB
=222  \0$aAtti e memorie della società dalmata di storia patria
=245  00$aAtti e memorie della Società dalmata di storia patria.
=246  15$aAtti e memorie
=260  \\$aVenezia :$bSocietà dalmata di storia patria,$c[1926]-
=300  \\$av. :$bill., maps, ports. ;$c24 cm.
=310  \\$aAnnual
=336  \\$atext$2rdacontent
=337  \\$aunmediated$2rdamedia
=338  \\$avolume$2rdacarrier
=500  \\$aDescription based on: Vol. 10 (magg. 1982).
=540  \\$aCurrent Copyright Fee: GBP25.00$c0$5Uk
=650  \0$aDalmatian language (Romance)$vPeriodicals.
=651  \0$aDalmatia (Croatia)$xHistory$vPeriodicals.
=651  \0$aDalmatia (Croatia)$xAntiquities$vPeriodicals.
=651  \0$aDalmatia (Croatia)$xCivilization$vPeriodicals.
=710  2\$aSocietà dalmata di storia patria.
=886  2\$2blmarc$a092$b00$a1785.417000n
=852  \\$aBritish Library$bHMNTS$iZF.9.a.6185$3v. 10 (1982)-
=945  \\$aATTI E MEMORIE- SOCIETA DALMATA DI STORIA PATRIA VENEZIA.
=963  \\$aVOL. 1, 1926- *A=1$bN$cP612.C.24
=979  \\$aBritish Library$bDSC$j1785.417000N
=985  \\$aCorrected by MS generated file for WR# 12.018
=985  \\$aFrom v. 9, the series also continued with same title published in Roma, 1926-
=A02  \\$a2433507
=CAT  \\$aCONV$b00$c20040425$lBLL90$h0659
=CAT  \\$a11316$b40$c20080319$lBLL01$h0933
=CAT  \\$a11316$b40$c20080319$lBLL01$h0936
=CAT  \\$aBATCH-UPD$b40$c20081207$lBLL01$h1919
=CAT  \\$aBATCH$b00$c20091210$lBLL01$h0156
=CAT  \\$aBATCH-UPD$b00$c20101201$lBLL01$h1230
=CAT  \\$aIPL-CLA$c20101231$lBLL01$h1339
=CAT  \\$aWR11_203$c20111204$lBLL01$h1405
=CAT  \\$aIPL-CLA$c20111230$lBLL01$h1840
=CAT  \\$aBLSS-CORR$b00$c20120724$lBLL01$h1757
=CAT  \\$aBATCH-CLA$b00$c20121105$lBLL01$h1745
=CAT  \\$aWR13.005$c20130322$lBLL01$h2001
=CAT  \\$aBATCH-CLA$c20131218$lBLL01$h2247
=CAT  \\$aIPL-CLA$c20131231$lBLL01$h2112
=CAT  \\$aBATCH-CLA$b00$c20161222$lBLL01$h1732
=CAT  \\$aIPL-CLA$c20161230$lBLL01$h1938
=CAT  \\$a8874$b40$c20170713$lBLL01$h1433
=CAT  \\$aBATCH-CLA$b00$c20171222$lBLL01$h2035
=CAT  \\$aIPL-CLA$c20171231$lBLL01$h1509
=CAT  \\$aBATCH-CLA$b00$c20191219$lBLL01$h1657
=CAT  \\$aIPL-CLA$c20191231$lBLL01$h1824
=CAT  \\$aR2001-1524$c20200127$lBLL01$h1943
=CAT  \\$aBATCH-CLA$b00$c20201204$lBLL01$h1455
=CAT  \\$aIPL-CLA$c20201231$lBLL01$h2033
=CAT  \\$aBATCH-CLA$b00$c20221221$lBLL01$h1801
=CAT  \\$aIPL-CLA$c20221231$lBLL01$h1944
=CFI  0\$aCurrent Copyright Fee: GBP25.00$c0$e01-jan-2023$fGBP25.00$g0$hA$5Uk
=CFI  2\$aPrevious Copyright Fee: GBP22.50$c0$e01-jan-2021$fGBP22.50$g0$hA$5Uk
=FIN  \\$aY
=LEO  \\$aMP10.0000081924
=SRC  \\$aDSS01$bbibmp10.200404.2.aa
=TCO  \\$aCLA$bCLA$c008
=ACF  \\$aPrevious copyright fee: GBP5.00$c0$e01-jul-2002$fGBP5.00$g0$hC$5Uk
=ACF  \\$aCurrent copyright fee: GBP4.40$c0$e01-jul-1998$fGBP4.40$g0$hA$5Uk
=ACF  \\$aCurrent copyright fee: GBP4.20$c0$e01-apr-1997$fGBP4.20$g0$hA$5Uk
=ACF  \\$aPrevious copyright fee: GBP10.50$c0$e01-jan-2011$fGBP10.50$g0$hA$5Uk
=ACF  \\$aPrevious copyright fee: GBP12.00$c0$e01-jan-2012$fGBP12.00$g0$hA$5Uk
=ACF  \\$aPrevious Copyright Fee: GBP12.30$c0$e01-jan-2014$fGBP12.30$g0$hA$5Uk
=ACF  \\$aPrevious Copyright Fee: GBP15.00$c0$e01-jan-2017$fGBP15.00$g0$hA$5Uk
=ACF  \\$aPrevious Copyright Fee: GBP17.50$c0$e01-jan-2018$fGBP17.50$g0$hA$5Uk
=ACF  \\$aPrevious Copyright Fee: GBP20.00$c0$e01-jan-2020$fGBP20.00$g0$hA$5Uk
=LAS  \\$aIPL-CLA$b00$c20221231$lBLL01$h1944

