=LDR  01683 am a2200505ui 4500
=001  010542466
=003  Uk
=005  20161205072656.0
=008  790112s1977\\\\ie\\\\\\|b\\\\001\|\eng\\
=FMT  \\$a  BK
=015  \\$aGB7902261$2bnb
=019  y\$aB7902261
=019  9\$ab7902261
=019  1\$ab7902261
=020  \\$cUnpriced
=020  \\$z0716522855
=040  \\$aUk$cUk
=043  \\$ae-uk---
=050  00$aZ2009
=082  04$a015.41$218
=245  00$aCatalogue of British parliamentary papers in the Irish University Press 1000-volume series and area studies series, 1801-1900.
=260  \\$aDublin :$bIrish University Press,$c1977.
=300  \\$axv, 293 p. ;$c33 cm.
=336  \\$atext$2rdacontent
=337  \\$aunmediated$2rdamedia
=338  \\$avolume$2rdacarrier
=490  0\$aBritish parliamentary papers
=500  \\$aBibliography: p. xv. - Includes index.
=651  \0$aGreat Britain$xHistory$xSources$xIndexes.
=653  \\$aBritish parliamentary papers$a1801-1900$aParliamentary papers reprinted by Irish University Press$aBibliographies
=852  11$aBritish Library$bHMNTS$kOPL$hIndex
=957  \\$a771031c
=CAT  \\$aCONV$b00$c20040425$lBLL90$h0724
=CAT  \\$aCONV$b00$c20040502$lBLL01$h1403
=CAT  \\$aglobal_upd$b40$c20060417$lBLL01$h1744
=CAT  \\$aBATCH$b00$c20091210$lBLL01$h0218
=CAT  \\$aBATCH$b00$c20091225$lBLL01$h0105
=CAT  \\$a8874$b40$c20161205$lBLL01$h0725
=CAT  \\$a8874$b40$c20161205$lBLL01$h0726
=FIN  \\$aY
=LEO  \\$aMP5.0000497540
=LEO  \\$aMP13.0000250026
=SRC  \\$aBNB03$bbibmp5.200404.2.aa
=SRC  \\$aHSS01$bbibmp13.200404.2.aa
=LAS  \\$a8874$b40$c20161205$lBLL01$h0726

