=LDR  01616 am a2200445 a 4500
=001  010986703
=003  Uk
=005  20110608080004.0
=008  001206s2000\\\\enka\\\||\\\\\001\||eng\\
=FMT  \\$a  BK
=015  \\$aGBA100455$2bnb
=019  y\$abA100455
=019  9\$a0901420549
=020  \\$a0901420549 :$cNo price
=039  0\$a2784
=040  \\$aUk$cUk
=082  04$a090$222
=100  1\$aPearson, David,$d1955-
=245  10$aOxford bookbinding 1500-1640 :$bincluding a supplement to Neil Ker's fragments of medieval manuscripts used as pastedowns in Oxford bindings /$cDavid Pearson.
=260  \\$aOxford :$bOxford Bibliographical Society,$c2000.
=300  \\$axii, 226 p. :$bill. ;$c26 cm.
=336  \\$atext$2rdacontent
=337  \\$aunmediated$2rdamedia
=338  \\$avolume$2rdacarrier
=490  0\$aOxford Bibliographical Society publications. Third series ;$vv.3
=500  \\$aIncludes index.
=650  \0$aBookbinding, Renaissance$zEngland$zOxford.
=650  \0$aRare books$zEngland$zOxford.
=710  2\$aOxford Bibliographical Society.
=886  2\$2ukmarc$a910$b20$aUniversity of Oxford$cBibliographical Society$xSee$aOxford Bibliographical Society$z710
=852  41$aBritish Library$bHMNTS$cSPHOA$hRAR010
=CAT  \\$aCONV$b00$c20040425$lBLL90$h0539
=CAT  \\$aCONV$b00$c20040502$lBLL01$h1420
=CAT  \\$aBATCH$b00$c20091122$lBLL01$h1631
=CAT  \\$a5100$b40$c20110608$lBLL01$h0800
=CAT  \\$aBATCH-UPD$b40$c20110608$lBLL01$h0838
=FIN  \\$aY
=LEO  \\$aMP5.0000317444
=SRC  \\$aBNB03$bbibmp5.200404.2.aa
=LAS  \\$aBATCH-UPD$b40$c20110608$lBLL01$h0838

