=LDR  01766cam a22005293u 4500
=001  011080893
=003  Uk
=005  20230331162916.0
=008  010516s2001\\\\xxu\\\\||\\\\\001\||eng\|
=FMT  \\$a  BK
=019  a\$aG07212895
=020  \\$a0824705300 (alk. paper)
=020  \\$cCIP entry
=040  \\$aDLC$cDLC$dUk
=050  00$aQP82.2.S8
=082  04$a616.07$221
=245  00$aEnvironmental stressors in health and disease /$cedited by Jürgen Fuchs, Lester Packer.
=260  \\$aNew York :$bMarcel Dekker,$c2001.
=300  \\$ap. cm.
=336  \\$atext$2rdacontent
=337  \\$aunmediated$2rdamedia
=338  \\$avolume$2rdacarrier
=490  0\$aOxidative stress and disease$v7
=500  \\$aIncludes index.
=597  \\$aEnhanced$bSRIS DDC
=540  \\$aCurrent Copyright Fee: GBP34.00$c0$5Uk
=650  \0$aStress (Physiology)
=650  \0$aActive oxygen$xPathophysiology.
=700  1\$aFuchs, Jürgen,$d1957-
=700  1\$aPacker, Lester.
=886  2\$2blmarc$a010$b00$a2001032410
=852  41$aBritish Library$bDSC$i6321.0415
=945  \\$aOxidative stress and disease ; v 7
=CAT  \\$aCONV$b00$c20040425$lBLL90$h0652
=CAT  \\$aCONV$b00$c20040502$lBLL01$h1422
=CAT  \\$aglobal_upd$b40$c20060417$lBLL01$h1202
=CAT  \\$aBATCH-UPD$b40$c20061207$lBLL01$h2028
=CAT  \\$aBATCH$b00$c20091210$lBLL01$h0418
=CAT  \\$aBATCH$b00$c20091214$lBLL01$h0616
=CAT  \\$aBATCH$b00$c20100103$lBLL01$h1109
=CAT  \\$aBATCH-CLAB$c20230324$lBLL01$h1416
=CAT  \\$aIPL-CLA$c20230331$lBLL01$h1629
=CFI  0\$aCurrent Copyright Fee: GBP34.00$c0$e01-apr-2023$fGBP34.00$g0$hC$5Uk
=FIN  \\$aY
=LEO  \\$aMP8.0001717948
=SRC  \\$aDSC01$bbibmp8.200404.2.ac
=LAS  \\$aIPL-CLA$b00$c20230331$lBLL01$h1629

