=LDR  01481 am a22004813u 4500
=001  011082896
=003  Uk
=005  20100103110900.0
=008  011227s2001\\\\xxu\\\\||b\\\\001\||eng\|
=FMT  \\$a  BK
=019  g\$aadv5003060289
=019  a\$aG07230634
=020  \\$a0631221034 (alk. paper)
=020  \\$a0631221042 (pb. : alk. paper)
=020  \\$cCIP entry
=040  \\$aDLC$cDLC$dUk
=050  00$aJC423
=082  04$a321.8$221
=245  00$aDemocracy /$cedited by David Estlund.
=260  \\$aMalden, MA :$bBlackwell Publishers,$c2001.
=300  \\$ap. cm.
=336  \\$atext$2rdacontent
=337  \\$aunmediated$2rdamedia
=338  \\$avolume$2rdacarrier
=490  0\$aBlackwell readings in philosophy ;$v4
=504  \\$aIncludes bibliographical references and index.
=598  \\$aPROV.RECORD
=650  \0$aDemocracy.
=650  \0$aDemocracy$xPhilosophy.
=700  1\$aEstlund, David M.
=886  2\$2blmarc$a010$b00$a2001037589
=852  41$aBritish Library$bDSC$i2107.5928
=945  \\$aBlackwell readings in philosophy ; v 4
=CAT  \\$aCONV$b00$c20040425$lBLL90$h0652
=CAT  \\$aCONV$b00$c20040502$lBLL01$h1422
=CAT  \\$aglobal_upd$b40$c20060417$lBLL01$h1203
=CAT  \\$aBATCH$b00$c20091210$lBLL01$h0419
=CAT  \\$aBATCH$b00$c20091214$lBLL01$h0617
=CAT  \\$aBATCH$b00$c20100103$lBLL01$h1109
=FIN  \\$aY
=LEO  \\$aMP8.0001723386
=SRC  \\$aDSC01$bbibmp8.200404.2.ac
=LAS  \\$aBATCH$b00$c20100103$lBLL01$h1109

