=LDR  01496 am a22004813u 4500
=001  011083342
=003  Uk
=005  20100103110900.0
=008  011228s2001\\\\xxu\\\\||b\\\\001\||eng\|
=FMT  \\$a  BK
=019  g\$aadv5003060270
=019  a\$aG07234923
=020  \\$a0631221018 (alk. paper)
=020  \\$a0631221026 (pbk. : alk. paper)
=020  \\$cCIP entry
=040  \\$aDLC$cDLC$dUk
=050  00$aBJ1461
=082  04$a123/.5$221
=245  00$aFree will /$cedited by Robert Kane.
=260  \\$aMalden, MA :$bBlackwell Publishers,$c2001.
=300  \\$ap. cm.
=336  \\$atext$2rdacontent
=337  \\$aunmediated$2rdamedia
=338  \\$avolume$2rdacarrier
=490  0\$aBlackwell readings in philosophy ;$v3
=504  \\$aIncludes bibliographical references and index.
=598  \\$aPROV.RECORD
=650  \0$aFree will and determinism.
=700  1\$aKane, Robert,$d1938-
=886  2\$2blmarc$a010$b00$a2001037591
=852  41$aBritish Library$bDSC$i2107.5928
=945  \\$aBlackwell readings in philosophy ; v 3
=966  \\$lACQUIS 30/11/2001
=CAT  \\$aCONV$b00$c20040425$lBLL90$h0653
=CAT  \\$aCONV$b00$c20040502$lBLL01$h1422
=CAT  \\$aglobal_upd$b40$c20060417$lBLL01$h1203
=CAT  \\$aBATCH$b00$c20091210$lBLL01$h0419
=CAT  \\$aBATCH$b00$c20091214$lBLL01$h0617
=CAT  \\$aBATCH$b00$c20100103$lBLL01$h1109
=FIN  \\$aY
=LEO  \\$aMP8.0001724781
=SRC  \\$aDSC01$bbibmp8.200404.2.ac
=LAS  \\$aBATCH$b00$c20100103$lBLL01$h1109

