=LDR  01299 am a22003973u 4500
=001  011083443
=003  Uk
=005  20091214061700.0
=008  \\\\\\||||||||||||\\\\||\\\\o0||\||eng\\
=FMT  \\$a  BK
=019  8\$angb200107285
=019  a\$aG07236959
=040  \\$aUk$cUk
=072  \7$a05A$2sigle
=082  04$a658$222
=110  0\$aNorth Norfolk (England).$bPersonnel and Payroll Section.
=245  00$aBest value review :$byear 1: 2000-01: appendices part one.
=260  \\$bNorth Norfolk.England, Personnel and Payroll Section,$c[2001]
=336  \\$atext$2rdacontent
=337  \\$aunmediated$2rdamedia
=338  \\$avolume$2rdacarrier
=650  \0$aManagement
=653  \\$aHuman resources; Resource
=653  \\$aManagement & business studies
=852  41$aBritish Library$bDSC$i6428.04
=945  \\$aPersonnel and Payroll Service Best Value Review ; no.1
=CAT  \\$aCONV$b00$c20040425$lBLL90$h0653
=CAT  \\$aCONV$b00$c20040502$lBLL01$h1422
=CAT  \\$aglobal_upd$b40$c20060417$lBLL01$h1203
=CAT  \\$asigle_ddc$b40$c20070409$lBLL01$h1959
=CAT  \\$aBATCH$b00$c20091210$lBLL01$h0419
=CAT  \\$aBATCH$b00$c20091214$lBLL01$h0617
=FIN  \\$aY
=LEO  \\$aMP8.0001724991
=SRC  \\$aDSC01$bbibmp8.200404.2.ac
=LAS  \\$aBATCH$b00$c20091214$lBLL01$h0617

