=LDR  01399 am a22004333u 4500
=001  011089068
=003  Uk
=005  20091214062000.0
=008  010910s2001\\\\xxu\\\\||\\\\||||\||eng\d
=FMT  \\$a  BK
=019  g\$aadv5003017243
=019  a\$aG07290506
=020  \\$a0867154020
=020  \\$c120.00
=040  \\$aUk$cUk
=050  00$aRK501
=082  04$a617.6
=245  00$aAdvances in operative dentistry ; vol. l: :$bcontemporary clinical practice /.
=260  \\$aChicago : :$bQuintessence Pub.,,$cc2001.
=300  \\$a263 p. : :$bill. (some col.) ; ;$c25 cm.
=336  \\$atext$2rdacontent
=337  \\$aunmediated$2rdamedia
=338  \\$avolume$2rdacarrier
=590  \\$aBibl. ref. & index.
=886  2\$2blmarc$a010$b00$a200100146
=886  2\$2blmarc$a050$b00$b.A36 2001
=886  2\$2blmarc$a245$b30$cedited by Jean-Francois Roulet, Nairn H.F. Wilson, Massimo Fuzzi.
=852  41$aBritish Library$bDSC$i0709.537
=945  \\$aAdvances in operative dentistry ; vol 1
=966  \\$lACQUIS 28/09/2001
=CAT  \\$aCONV$b00$c20040425$lBLL90$h0653
=CAT  \\$aCONV$b00$c20040502$lBLL01$h1422
=CAT  \\$aglobal_upd$b40$c20060417$lBLL01$h1205
=CAT  \\$aBATCH$b00$c20091210$lBLL01$h0421
=CAT  \\$aBATCH$b00$c20091214$lBLL01$h0620
=FIN  \\$aY
=LEO  \\$aMP8.0001742296
=SRC  \\$aDSC01$bbibmp8.200404.2.ac
=LAS  \\$aBATCH$b00$c20091214$lBLL01$h0620

