=LDR  04029cas a2200961 a 4500
=001  008200834
=003  Uk
=005  20221231184308.0
=007  ta
=008  910115d19882001enkwr\\\\\a\\\0\\\a0eng\\
=FMT  \\$a  SE
=019  0\$as160660017
=019  c\$a2403433
=040  \\$aUk$cUk$dUk
=084  \\$aBG 51$2blsrissc
=084  \\$aBG 303$2blsrissc
=245  00$aPCT patents abstracts.
=246  3\$aPatent Cooperation Treaty patents abstracts.
=260  \\$aLondon :$bDerwent Publications,$c1988-2001.
=300  \\$av. ;$c27 cm.
=336  \\$atext$2rdacontent
=337  \\$aunmediated$2rdamedia
=338  \\$avolume$2rdacarrier
=362  0\$aWeek 8838, no. 139 (7 Sept. 88)-no. 10 (2001).
=490  0\$aWorld patents abstracts
=500  \\$aAbstracts from 7th Sept. 1988.
=595  \\$aFORMERLY 6413.64N CONTD AS 9356.97289N.
=540  \\$aCurrent Copyright Fee: GBP25.00$c0$5Uk
=650  \0$aPatents$vAbstracts$vPeriodicals.
=710  2\$aDerwent Publications, Ltd.
=780  00$tPCT patents report
=785  00$tWorld patent abstracts. PCT patents. A-X, Complete
=852  41$aBritish Library$bSTI$kIP Reserve North$3Week 8838, no. 139 (7 Sept. 88)-no. 10 (2001)
=945  \\$aPCT PATENTS ABSTRACTS A TO X COMPLETE.
=963  \\$aNO. 139, 1988- 2000(50), 2000 *A=1$bN$cL420.B.454
=979  \\$aBritish Library$bDSC$j6413.639900N
=985  \\$aRecord merged by DQ team
=CAT  \\$aCONV$b00$c20040425$lBLL90$h0852
=CAT  \\$aBATCH-UPD$b00$c20100225$lBLL01$h2314
=CAT  \\$aBATCH-UPD$b00$c20100331$lBLL01$h2102
=CAT  \\$aBATCH-UPD$b00$c20100401$lBLL01$h0042
=CAT  \\$aBATCH$b00$c20100401$lBLL01$h0351
=CAT  \\$aBATCH$b00$c20100401$lBLL01$h1356
=CAT  \\$aBATCH-UPD$b00$c20101124$lBLL01$h1743
=CAT  \\$aBATCH-UPD$b00$c20101125$lBLL01$h1006
=CAT  \\$aIPL-CLA$c20101231$lBLL01$h1217
=CAT  \\$aWR11_203$c20111204$lBLL01$h1308
=CAT  \\$aIPL-CLA$c20111230$lBLL01$h1720
=CAT  \\$aBATCH-CLA$b00$c20121104$lBLL01$h1038
=CAT  \\$aWR13.005$c20130323$lBLL01$h1228
=CAT  \\$aBATCH-CLA$c20131217$lBLL01$h0130
=CAT  \\$aIPL-CLA$c20131231$lBLL01$h1913
=CAT  \\$aBATCH-CLA$b00$c20161222$lBLL01$h1703
=CAT  \\$aIPL-CLA$c20161230$lBLL01$h1826
=CAT  \\$aBATCH-CLA$b00$c20171222$lBLL01$h1959
=CAT  \\$aIPL-CLA$c20171231$lBLL01$h1401
=CAT  \\$aBATCH-CLA$b00$c20191219$lBLL01$h1628
=CAT  \\$aIPL-CLA$c20191231$lBLL01$h1730
=CAT  \\$aR2001-1524$c20200127$lBLL01$h1927
=CAT  \\$aBATCH-CLA$b00$c20201204$lBLL01$h1423
=CAT  \\$aIPL-CLA$c20201231$lBLL01$h1928
=CAT  \\$aBATCH-CLA$b00$c20221221$lBLL01$h1728
=CAT  \\$aIPL-CLA$c20221231$lBLL01$h1843
=CFI  0\$aCurrent Copyright Fee: GBP25.00$c0$e01-jan-2023$fGBP25.00$g0$hA$5Uk
=CFI  2\$aPrevious Copyright Fee: GBP22.50$c0$e01-jan-2021$fGBP22.50$g0$hA$5Uk
=FIN  \\$aY
=LEO  \\$aMP25.0000061789
=LEO  \\$aMP10.0000433451
=SRC  \\$aDSS01$bbibmp10.200404.2.aa
=SRC  \\$aSRI01$bbibmp25.200404.2.aa
=TCO  \\$aCLA$bCLA$c008
=ACF  \\$aPrevious copyright fee: GBP9.00$c0$e01-apr-2010$fGBP9.00$g0$hA$5Uk
=ACF  \\$aPrevious copyright fee: GBP6.00$c0$e01-apr-2008$fGBP6.00$g0$hA$5Uk
=ACF  \\$aPrevious copyright fee: GBP5.00$c0$e01-jul-2002$fGBP5.00$g0$hA$5Uk
=ACF  \\$aCurrent copyright fee: GBP4.40$c0$e01-jul-1998$fGBP4.40$g0$hA$5Uk
=ACF  \\$aCurrent copyright fee: GBP4.20$c0$e01-apr-1997$fGBP4.20$g0$hA$5Uk
=ACF  \\$aPrevious copyright fee: GBP10.50$c0$e01-jan-2011$fGBP10.50$g0$hA$5Uk
=ACF  \\$aPrevious copyright fee: GBP12.00$c0$e01-jan-2012$fGBP12.00$g0$hA$5Uk
=ACF  \\$aPrevious Copyright Fee: GBP12.30$c0$e01-jan-2014$fGBP12.30$g0$hA$5Uk
=ACF  \\$aPrevious Copyright Fee: GBP15.00$c0$e01-jan-2017$fGBP15.00$g0$hA$5Uk
=ACF  \\$aPrevious Copyright Fee: GBP17.50$c0$e01-jan-2018$fGBP17.50$g0$hA$5Uk
=ACF  \\$aPrevious Copyright Fee: GBP20.00$c0$e01-jan-2020$fGBP20.00$g0$hA$5Uk
=LAS  \\$aIPL-CLA$b00$c20221231$lBLL01$h1843

