=LDR  02798 as a2200685 a 4500
=001  008204208
=003  Uk
=005  20081203080038.0
=007  ta
=008  810818c19uu9999xxuuu\\\\\\\\o0\\\a0eng\\
=FMT  \\$a  SE
=019  0\$as165947004
=019  c\$a2206801
=040  \\$aUk$cUk$dUk
=084  \\$aBL 52$2blsrissc
=245  00$aClassification order /$cUS Department of Commerce. Patent and Trademark Office.
=260  \\$a[Washington, D.C.] :$b[Govt Print. Off.],$c1976-
=300  \\$av. ;$c27 cm.
=336  \\$atext$2rdacontent
=337  \\$aunmediated$2rdamedia
=338  \\$avolume$2rdacarrier
=500  \\$aDetails of classification changes.
=540  \\$aBritish Library not licensed to copy$c0$5Uk
=650  \0$aPatents$zUnited States$xClassification$vIndexes.
=650  \0$aTrademarks$zUnited States$vClassification$vIndexes.
=710  1\$aUnited States.$bPatent and Trademark Office.
=852  71$aBritish Library$bSTI$kIP Reserve North$2blsrissc$31976- ; 500-
=945  \\$aCLASSIFICATION ORDER- UNITED STATES DEPARTMENT OF COMMERCE PATENT AND TRADEMARK OFFICE.
=979  \\$aBritish Library$bDSC$j3274.598000N
=985  \\$aRecord merged by DQ team
=CAT  \\$aCONV$b00$c20040425$lBLL90$h0852
=CAT  \\$aCONV$b00$c20040502$lBLL01$h1244
=CAT  \\$a8874$b40$c20081203$lBLL01$h0800
=CAT  \\$aBATCH$b00$c20091208$lBLL01$h0341
=CAT  \\$aBATCH-UPD$b00$c20100225$lBLL01$h2314
=CAT  \\$aBATCH-UPD$b00$c20100331$lBLL01$h2102
=CAT  \\$aBATCH-UPD$b00$c20100401$lBLL01$h0042
=CAT  \\$aBATCH$b00$c20100401$lBLL01$h0352
=CAT  \\$aBATCH$b00$c20100401$lBLL01$h1356
=CAT  \\$aBATCH-UPD$b00$c20101124$lBLL01$h1743
=CAT  \\$aBATCH-UPD$b00$c20101125$lBLL01$h1006
=CAT  \\$aIPL-CLA$c20101231$lBLL01$h1217
=CAT  \\$aBATCH-UPD$b00$c20110907$lBLL01$h1756
=CAT  \\$aIPL-CLA$c20110908$lBLL01$h1710
=CAT  \\$aBATCH-CLA$b00$c20121104$lBLL01$h1037
=CAT  \\$aWR13.005$c20130323$lBLL01$h1228
=CFI  0\$aBritish Library not licensed to copy$c0$e07-sep-2011$hC$iTX$5Uk
=CFI  2\$aPrevious copyright fee: GBP10.50$c0$e01-jan-2011$fGBP10.50$g0$hA$5Uk
=FIN  \\$aY
=LEO  \\$aMP25.0000066834
=LEO  \\$aMP10.0000149489
=SRC  \\$aDSS01$bbibmp10.200404.2.aa
=SRC  \\$aSRI01$bbibmp25.200404.2.aa
=TCO  \\$aTRS$bCCC$c008
=ACF  \\$aPrevious copyright fee: GBP9.00$c0$e01-apr-2010$fGBP9.00$g0$hA$5Uk
=ACF  \\$aPrevious copyright fee: GBP6.00$c0$e01-apr-2008$fGBP6.00$g0$hA$5Uk
=ACF  \\$aPrevious copyright fee: GBP5.00$c0$e01-jul-2002$fGBP5.00$g0$hA$5Uk
=ACF  \\$aCurrent copyright fee: GBP4.40$c0$e01-jul-1998$fGBP4.40$g0$hA$5Uk
=ACF  \\$aCurrent copyright fee: GBP4.20$c0$e01-apr-1997$fGBP4.20$g0$hA$5Uk
=LAS  \\$aWR13.005$b00$c20130323$lBLL01$h1228

