=LDR  01551 am a22004813u 4500
=001  008491468
=003  Uk
=005  20161230212600.0
=008  \\\\\\|1999\\\\|||\\\\||\\\\o0||\||eng\\
=FMT  \\$a  BK
=019  8\$angb199918915
=019  a\$aG05832290
=020  \\$a0117026476
=040  \\$aUk$cUk
=072  \7$a05J$2sigle
=082  04$a320$222
=082  04$a351$222
=245  00$aCurrent issues in international diplomacy and foreign policy.
=260  \\$bThe Stationery Office,$c1999.
=336  \\$atext$2rdacontent
=337  \\$aunmediated$2rdamedia
=338  \\$avolume$2rdacarrier
=650  \0$aPolitical science
=650  \0$aPublic administration
=653  \\$aPolitical science
=690  7\$aManagement and Business Studies$2blcoll
=700  1\$aJennings, Colin,$eEd.
=710  2\$aWilton Park (Conference Center)
=852  41$aBritish Library$bDSC$i3499.0724
=945  \\$aCurrent issues in international diplomacy and foreign policy ; v1-3
=CAT  \\$aCONV$b00$c20040425$lBLL90$h0650
=CAT  \\$aCONV$b00$c20040502$lBLL01$h1255
=CAT  \\$a10743$b40$c20041122$lBLL01$h1410
=CAT  \\$aglobal_upd$b40$c20060417$lBLL01$h0640
=CAT  \\$asigle_ddc$b40$c20070409$lBLL01$h1931
=CAT  \\$aBATCH$b00$c20091209$lBLL01$h0155
=CAT  \\$aBATCH-UPD$b00$c20161214$lBLL01$h1344
=CAT  \\$aBATCH-MBS$c20161223$lBLL01$h2130
=CAT  \\$aBATCH-MBS$c20161230$lBLL01$h2126
=FIN  \\$aY
=LEO  \\$aMP8.0001558788
=SRC  \\$aDSC01$bbibmp8.200404.2.ac
=LAS  \\$aBATCH-MBS$b00$c20161230$lBLL01$h2126

