=LDR  04497cas a2200973 a 4500
=001  008542386
=003  Uk
=005  20221231185157.0
=007  ta
=008  040409d19882001enkwr\\\\\a\\\0\\\a0eng\\
=FMT  \\$a  SE
=019  c\$a2399846
=040  \\$aUk$cUk$dUk
=245  00$aGerman patents abstracts.$pExamined.$nP-X,$pGeneral/mechanical/electrical.
=246  10$aGeneral/mechanical/electrical
=260  \\$aLondon :$bDerwent Publications,$c1988-2001.
=300  \\$av. :$bill. ;$c27 cm.
=310  \\$aWeekly
=336  \\$atext$2rdacontent
=337  \\$aunmediated$2rdamedia
=338  \\$avolume$2rdacarrier
=362  0\$aWeek 8836 (1 Sept. 88)-no. 10 (2001).
=490  1\$aWorld patents abstracts
=515  \\$aIssues also carry dates abstracts were issued, 19 Oct 88-
=580  \\$aFormed by the union of: German patents gazette. Sections P, Q, General/mechanical ; German patents gazette. Section El, Electrical ; and, German patents abstracts. Sections P, Q, El, General/mechanical/electrical.
=595  \\$aFORMERLY 4162.1405N CONTD AS 9356.972825N.
=540  \\$aCurrent Copyright Fee: GBP25.00$c0$5Uk
=650  \0$aPatents$zGermany$vAbstracts$vPeriodicals.
=650  \0$aElectric apparatus and appliances$vPatents$vAbstracts$vPeriodicals.
=710  2\$aDerwent Publications, Ltd.
=780  14$tGerman patents gazette. Sections P, Q, General/mechanical
=780  14$tGerman patents gazette. Section El, Electrical
=780  14$tGerman patents abstracts. Sections P, Q, El, General/mechanical/electrical
=785  00$tDerwent world patent abstracts. German patents. Granted. P-X, General/mechanical & electrical
=830  \0$aWorld patents abstracts
=852  71$aBritish Library$bSTI$kIP Reserve North
=945  \\$aGERMAN PATENTS ABSTRACTS EXAMINED P X GENERAL MECHANICAL ELECTRICAL.
=963  \\$a8835, 1988- *A=1$bN$cL420.B.66
=979  \\$aBritish Library$bDSC$j4162.140100N
=A02  \\$a2399846
=CAT  \\$aCONV$b00$c20040425$lBLL90$h0703
=CAT  \\$aBATCH-UPD$b00$c20100225$lBLL01$h2324
=CAT  \\$aBATCH-UPD$b00$c20100331$lBLL01$h2114
=CAT  \\$aBATCH-UPD$b00$c20100401$lBLL01$h0050
=CAT  \\$aBATCH$b00$c20100401$lBLL01$h0359
=CAT  \\$aBATCH$b00$c20100401$lBLL01$h1407
=CAT  \\$aBATCH-UPD$b00$c20101124$lBLL01$h1752
=CAT  \\$aBATCH-UPD$b00$c20101125$lBLL01$h1015
=CAT  \\$aIPL-CLA$c20101231$lBLL01$h1229
=CAT  \\$aWR11_203$c20111204$lBLL01$h1316
=CAT  \\$aIPL-CLA$c20111230$lBLL01$h1732
=CAT  \\$aBATCH-CLA$b00$c20121104$lBLL01$h1028
=CAT  \\$aWR13.005$c20130323$lBLL01$h1328
=CAT  \\$aBATCH-CLA$c20131217$lBLL01$h1731
=CAT  \\$aIPL-CLA$c20131231$lBLL01$h1929
=CAT  \\$aBATCH-CLA$b00$c20161222$lBLL01$h1707
=CAT  \\$aIPL-CLA$c20161230$lBLL01$h1836
=CAT  \\$aBATCH-CLA$b00$c20171222$lBLL01$h2004
=CAT  \\$aIPL-CLA$c20171231$lBLL01$h1411
=CAT  \\$aBATCH-CLA$b00$c20191219$lBLL01$h1632
=CAT  \\$aIPL-CLA$c20191231$lBLL01$h1738
=CAT  \\$aR2001-1524$c20200127$lBLL01$h1929
=CAT  \\$aBATCH-CLA$b00$c20201204$lBLL01$h1428
=CAT  \\$aIPL-CLA$c20201231$lBLL01$h1937
=CAT  \\$aBATCH-CLA$b00$c20221221$lBLL01$h1733
=CAT  \\$aIPL-CLA$c20221231$lBLL01$h1851
=CFI  0\$aCurrent Copyright Fee: GBP25.00$c0$e01-jan-2023$fGBP25.00$g0$hA$5Uk
=CFI  2\$aPrevious Copyright Fee: GBP22.50$c0$e01-jan-2021$fGBP22.50$g0$hA$5Uk
=FIN  \\$aY
=LEO  \\$aMP10.0000247286
=SRC  \\$aDSS01$bbibmp10.200404.2.aa
=TCO  \\$aCLA$bCLA$c008
=ACF  \\$aPrevious copyright fee: GBP9.00$c0$e01-apr-2010$fGBP9.00$g0$hA$5Uk
=ACF  \\$aPrevious copyright fee: GBP6.00$c0$e01-apr-2008$fGBP6.00$g0$hA$5Uk
=ACF  \\$aPrevious copyright fee: GBP5.00$c0$e01-jul-2002$fGBP5.00$g0$hA$5Uk
=ACF  \\$aCurrent copyright fee: GBP4.40$c0$e01-jul-1998$fGBP4.40$g0$hA$5Uk
=ACF  \\$aCurrent copyright fee: GBP4.20$c0$e01-apr-1997$fGBP4.20$g0$hA$5Uk
=ACF  \\$aPrevious copyright fee: GBP10.50$c0$e01-jan-2011$fGBP10.50$g0$hA$5Uk
=ACF  \\$aPrevious copyright fee: GBP12.00$c0$e01-jan-2012$fGBP12.00$g0$hA$5Uk
=ACF  \\$aPrevious Copyright Fee: GBP12.30$c0$e01-jan-2014$fGBP12.30$g0$hA$5Uk
=ACF  \\$aPrevious Copyright Fee: GBP15.00$c0$e01-jan-2017$fGBP15.00$g0$hA$5Uk
=ACF  \\$aPrevious Copyright Fee: GBP17.50$c0$e01-jan-2018$fGBP17.50$g0$hA$5Uk
=ACF  \\$aPrevious Copyright Fee: GBP20.00$c0$e01-jan-2020$fGBP20.00$g0$hA$5Uk
=LAS  \\$aIPL-CLA$b00$c20221231$lBLL01$h1851

