=LDR  04228cas a2200949 a 4500
=001  008542394
=003  Uk
=005  20221231185157.0
=007  ta
=008  040409d19761988enkwr\\\\\a\\\0\\\a0eng\\
=FMT  \\$a  SE
=019  c\$a2299902
=040  \\$aUk$cUk$dUk
=245  00$aGerman patents gazette.$nSection Ch,$pChemical.
=246  10$aChemical
=260  \\$aLondon :$bDerwent Publications,$c1976-1988.
=300  \\$av. :$bill. ;$c27 cm.
=310  \\$aWeekly
=336  \\$atext$2rdacontent
=337  \\$aunmediated$2rdamedia
=338  \\$avolume$2rdacarrier
=362  0\$aWeek X48 (18 Nov. 76)-week 8835 (25 Aug. 88).
=515  \\$aIssues also carry dates abstracts were issued, 12 Jan. 77-12 Oct. 88.
=580  \\$aMerged with: German patents abstracts. Section Ch, Chemical, to form: German patents abstracts. Examined. A-M, Chemical, and: German patents abstracts. Unexamined. A-M, Chemical.
=595  \\$aFORMERLY 4162.1425 CONTD AS 4162.141N.
=540  \\$aCurrent Copyright Fee: GBP25.00$c0$5Uk
=650  \0$aPatents$zGermany (West)$vAbstracts$vPeriodicals.
=650  \0$aChemicals$vPatents$vAbstracts$vPeriodicals.
=710  2\$aDerwent Publications, Ltd.
=780  01$aGerman patents gazette. Parts I-III complete
=785  17$tGerman patents abstracts. Section Ch, Chemical
=785  17$tGerman patents abstracts. Examined. A-M, Chemical
=785  17$tGerman patents abstracts. Unexamined. A-M, Chemical
=852  71$aBritish Library$bSTI$kIP Reserve North
=945  \\$aGERMAN PATENTS GAZETTE SECTION CH CHEMICAL.
=963  \\$a1977- 1988 *A=1$bN$cL420.C.110
=979  \\$aBritish Library$bDSC$j4162.142600N
=A02  \\$a2299902
=CAT  \\$aCONV$b00$c20040425$lBLL90$h0703
=CAT  \\$aBATCH-UPD$b00$c20100225$lBLL01$h2324
=CAT  \\$aBATCH-UPD$b00$c20100331$lBLL01$h2114
=CAT  \\$aBATCH-UPD$b00$c20100401$lBLL01$h0050
=CAT  \\$aBATCH$b00$c20100401$lBLL01$h0359
=CAT  \\$aBATCH$b00$c20100401$lBLL01$h1407
=CAT  \\$aBATCH-UPD$b00$c20101124$lBLL01$h1752
=CAT  \\$aBATCH-UPD$b00$c20101125$lBLL01$h1015
=CAT  \\$aIPL-CLA$c20101231$lBLL01$h1229
=CAT  \\$aWR11_203$c20111204$lBLL01$h1316
=CAT  \\$aIPL-CLA$c20111230$lBLL01$h1732
=CAT  \\$aBATCH-CLA$b00$c20121104$lBLL01$h1028
=CAT  \\$aWR13.005$c20130323$lBLL01$h1328
=CAT  \\$aBATCH-CLA$c20131217$lBLL01$h1731
=CAT  \\$aIPL-CLA$c20131231$lBLL01$h1929
=CAT  \\$aBATCH-CLA$b00$c20161222$lBLL01$h1707
=CAT  \\$aIPL-CLA$c20161230$lBLL01$h1836
=CAT  \\$aBATCH-CLA$b00$c20171222$lBLL01$h2004
=CAT  \\$aIPL-CLA$c20171231$lBLL01$h1411
=CAT  \\$aBATCH-CLA$b00$c20191219$lBLL01$h1632
=CAT  \\$aIPL-CLA$c20191231$lBLL01$h1738
=CAT  \\$aR2001-1524$c20200127$lBLL01$h1929
=CAT  \\$aBATCH-CLA$b00$c20201204$lBLL01$h1428
=CAT  \\$aIPL-CLA$c20201231$lBLL01$h1937
=CAT  \\$aBATCH-CLA$b00$c20221221$lBLL01$h1733
=CAT  \\$aIPL-CLA$c20221231$lBLL01$h1851
=CFI  0\$aCurrent Copyright Fee: GBP25.00$c0$e01-jan-2023$fGBP25.00$g0$hA$5Uk
=CFI  2\$aPrevious Copyright Fee: GBP22.50$c0$e01-jan-2021$fGBP22.50$g0$hA$5Uk
=FIN  \\$aY
=LEO  \\$aMP10.0000247294
=SRC  \\$aDSS01$bbibmp10.200404.2.aa
=TCO  \\$aCLA$bCLA$c008
=ACF  \\$aPrevious copyright fee: GBP9.00$c0$e01-apr-2010$fGBP9.00$g0$hA$5Uk
=ACF  \\$aPrevious copyright fee: GBP6.00$c0$e01-apr-2008$fGBP6.00$g0$hA$5Uk
=ACF  \\$aPrevious copyright fee: GBP5.00$c0$e01-jul-2002$fGBP5.00$g0$hA$5Uk
=ACF  \\$aCurrent copyright fee: GBP4.40$c0$e01-jul-1998$fGBP4.40$g0$hA$5Uk
=ACF  \\$aCurrent copyright fee: GBP4.20$c0$e01-apr-1997$fGBP4.20$g0$hA$5Uk
=ACF  \\$aPrevious copyright fee: GBP10.50$c0$e01-jan-2011$fGBP10.50$g0$hA$5Uk
=ACF  \\$aPrevious copyright fee: GBP12.00$c0$e01-jan-2012$fGBP12.00$g0$hA$5Uk
=ACF  \\$aPrevious Copyright Fee: GBP12.30$c0$e01-jan-2014$fGBP12.30$g0$hA$5Uk
=ACF  \\$aPrevious Copyright Fee: GBP15.00$c0$e01-jan-2017$fGBP15.00$g0$hA$5Uk
=ACF  \\$aPrevious Copyright Fee: GBP17.50$c0$e01-jan-2018$fGBP17.50$g0$hA$5Uk
=ACF  \\$aPrevious Copyright Fee: GBP20.00$c0$e01-jan-2020$fGBP20.00$g0$hA$5Uk
=LAS  \\$aIPL-CLA$b00$c20221231$lBLL01$h1851

