=LDR  01410 am a2200457ua 4500
=001  008718428
=003  Uk
=005  20091122013500.0
=008  020225r20022001enkb\\\||\\\\\000\1|eng\\
=FMT  \\$a  BK
=015  \\$aGBA1W0846$2bnb
=019  y\$abA1W0846
=019  9\$a0002247194
=019  1\$a0002247194
=020  \\$a0002247194 (pbk.) :$c£11.99
=039  0\$a2681
=040  \\$aStDuBDS$dUk
=082  04$a813.54$221
=100  1\$aFeist, Raymond E.
=245  10$aHonoured enemy /$cRaymond E. Feist & William Forstchen.
=260  \\$aLondon :$bVoyager,$cc2001$g(2002[printing])
=300  \\$a323 p. :$b1 map ;$c24 cm.
=336  \\$atext$2rdacontent
=337  \\$aunmediated$2rdamedia
=338  \\$avolume$2rdacarrier
=490  1\$aLegends of the Riftwar ;$vbk. 1
=655  07$aFantasy fiction.$2gsafd
=700  1\$aForstchen, William R.
=800  1\$aFeist, Raymond E.$q(Raymond Elias).$tLegends of the riftwar; bk. 1.
=852  41$aBritish Library$bHMNTS$qCopy is Mislaid.
=CAT  \\$aCONV$b00$c20040425$lBLL90$h0756
=CAT  \\$aCONV$b00$c20040502$lBLL01$h1301
=CAT  \\$aBATCH$b00$c20091122$lBLL01$h0135
=FIN  \\$aY
=LEO  \\$aMP5.0000063567
=LEO  \\$aMP5.0001515446
=LEO  \\$aMP13.0001317614
=SRC  \\$aBNB03$bbibmp5.200404.2.aa
=SRC  \\$aBNB03$bbibmp5.200404.2.ac
=SRC  \\$aHSS01$bbibmp13.200404.2.ac
=LAS  \\$aBATCH$b00$c20091122$lBLL01$h0135

