=LDR  04367cas a2201009 a 4500
=001  008880447
=003  Uk
=005  20221231185901.0
=006  aa\\\|||||||||||||
=007  ta
=008  010314d19992005gw\ar\\\\\s\\o0\\\b0ger\\
=FMT  \\$a  SE
=019  1\$abld00F1496
=019  s\$aoasp02755
=019  c\$a2605750
=022  0\$a1616-1874
=040  \\$aUk$cUk$dUk
=042  \\$aukblsr
=110  10$aGermany.$bBundesregierung.
=245  10$aGeschäftsbericht der Bundesregierung /$cDie Bundesregierung.
=260  \\$aBerlin :$bPresse- und Informationsamt der Bundesregierung,$c2000-2005.
=300  \\$a6 v. :$bill. (some col.), maps (some col.) ;$c30 cm.
=310  \\$aAnnual
=336  \\$atext$2rdacontent
=337  \\$aunmediated$2rdamedia
=338  \\$avolume$2rdacarrier
=362  0\$a1999/2000-2004/2005.
=500  \\$aEach issue also has a theme title.
=500  \\$aLatest issue consulted: 2004/2005.
=540  \\$aCurrent Copyright Fee: GBP25.00$c0$5Uk
=610  10$aGermany.$bBundesregierung$vPeriodicals.
=651  \0$aGermany$xPolitics and government$vPeriodicals.
=650  \0$aExecutive departments$zGermany$vPeriodicals.
=710  1\$aGermany.$bPresse- und Informationsamt.
=780  00$aGermany. Bundesregierung.$tJahresbericht der Bundesregierung
=785  00$aGermany. Bundesregierung.$sJahresbericht der Bundesregierung (2006)
=852  11$aBritish Library$bHMNTS$kOPL$h943.0025$31999/2000-2004/2004
=945  \\$aGeschaftsbericht der Bundesregierung Die Bundesregierung
=957  \\$a010219e
=979  \\$aBritish Library$bDSC$j4162.506250N
=985  \\$aRecord merged by DQ team
=CAT  \\$aCONV$b00$c20040425$lBLL90$h0847
=CAT  \\$aBATCH-UPD$b40$c20100225$lBLL01$h2332
=CAT  \\$aBATCH-UPD$b40$c20100331$lBLL01$h2122
=CAT  \\$aBATCH-UPD$b40$c20100401$lBLL01$h0056
=CAT  \\$aBATCH$b00$c20100401$lBLL01$h0405
=CAT  \\$aBATCH$b00$c20100401$lBLL01$h1414
=CAT  \\$aBATCH-UPD$b00$c20101124$lBLL01$h1800
=CAT  \\$aBATCH-UPD$b00$c20101125$lBLL01$h1022
=CAT  \\$aIPL-CLA$c20101231$lBLL01$h1238
=CAT  \\$aWR11_203$c20111204$lBLL01$h1322
=CAT  \\$aIPL-CLA$c20111230$lBLL01$h1741
=CAT  \\$aBATCH-CLA$b00$c20121104$lBLL01$h1021
=CAT  \\$aBATCH-CLA$c20131217$lBLL01$h1742
=CAT  \\$aIPL-CLA$c20131231$lBLL01$h1941
=CAT  \\$aBATCH-CLA$b00$c20161222$lBLL01$h1711
=CAT  \\$aBATCH-UPD$b00$c20161223$lBLL01$h1456
=CAT  \\$aIPL-CLA$c20161230$lBLL01$h1844
=CAT  \\$aBATCH-CLA$b00$c20171222$lBLL01$h2009
=CAT  \\$aIPL-CLA$c20171231$lBLL01$h1419
=CAT  \\$aBATCH-CLA$b00$c20191219$lBLL01$h1636
=CAT  \\$aIPL-CLA$c20191231$lBLL01$h1744
=CAT  \\$aR2001-1524$c20200127$lBLL01$h1931
=CAT  \\$aBATCH-CLA$b00$c20201204$lBLL01$h1432
=CAT  \\$aIPL-CLA$c20201231$lBLL01$h1944
=CAT  \\$aBATCH-CLA$b00$c20221221$lBLL01$h1737
=CAT  \\$aIPL-CLA$c20221231$lBLL01$h1859
=CFI  0\$aCurrent Copyright Fee: GBP25.00$c0$e01-jan-2023$fGBP25.00$g0$hA$5Uk
=CFI  2\$aPrevious Copyright Fee: GBP22.50$c0$e01-jan-2021$fGBP22.50$g0$hA$5Uk
=FIN  \\$aY
=LEO  \\$aMP10.0000185704
=LEO  \\$aMP13.0000066615
=LKR  \\$aPAR$b014790962$lBLL01$nJahresbericht der Bundesregierung (Germany. Bundesregierung)$mGeschäftsbericht der Bundesregierung (Germany. Bundesregierung)$r78000
=SRC  \\$aDSS01$bbibmp10.200404.2.aa
=SRC  \\$aHSS01$bbibmp13.200404.2.aa
=TCO  \\$aDEU$bVG WORT$c008
=ACF  \\$aPrevious copyright fee: GBP9.00$c0$e01-apr-2010$fGBP9.00$g0$hA$5Uk
=ACF  \\$aPrevious copyright fee: GBP6.00$c0$e01-apr-2008$fGBP6.00$g0$hA$5Uk
=ACF  \\$aPrevious copyright fee: GBP5.00$c0$e01-jul-2002$fGBP5.00$g0$hA$5Uk
=ACF  \\$aCurrent copyright fee: GBP4.40$c0$e06-jun-2001$fGBP4.40$g0$hA$5Uk
=ACF  \\$aPrevious copyright fee: GBP10.50$c0$e01-jan-2011$fGBP10.50$g0$hA$5Uk
=ACF  \\$aPrevious copyright fee: GBP12.00$c0$e01-jan-2012$fGBP12.00$g0$hA$5Uk
=ACF  \\$aPrevious Copyright Fee: GBP12.30$c0$e01-jan-2014$fGBP12.30$g0$hA$5Uk
=ACF  \\$aPrevious Copyright Fee: GBP15.00$c0$e01-jan-2017$fGBP15.00$g0$hA$5Uk
=ACF  \\$aPrevious Copyright Fee: GBP17.50$c0$e01-jan-2018$fGBP17.50$g0$hA$5Uk
=ACF  \\$aPrevious Copyright Fee: GBP20.00$c0$e01-jan-2020$fGBP20.00$g0$hA$5Uk
=LAS  \\$aIPL-CLA$b00$c20221231$lBLL01$h1859

