=LDR  01261 as a2200373ua 4500
=001  008887320
=003  Uk
=005  20091122094600.0
=008  851119c1975\\\\vp\||\p|||\\\|1\\\||mul\\
=FMT  \\$a  SE
=019  0\$as226146081
=040  \\$aUk$cUk
=084  \\$aDN 40$2blsrissc
=111  2\$aInternational Soil Zoology Colloquium.
=245  00$aProceedings - International Soil Zoology Colloquium.
=260  \\$c1975-
=336  \\$atext$2rdacontent
=337  \\$aunmediated$2rdamedia
=338  \\$avolume$2rdacarrier
=500  \\$aPublisher varies.
=500  \\$aSize varies.
=580  \\$aContinuation of "International Society of Soil Science. Soil Zoology Committee. Colloquium", q.v.
=886  2\$2blmarc$a029$b00$aS226146006
=852  71$aBritish Library$bSTI$2blsrissc$31975- ; 5th, 1973- ; Deficient: 4th, 1970
=968  \\$bX
=CAT  \\$aCONV$b00$c20040425$lBLL90$h0853
=CAT  \\$aCONV$b00$c20040502$lBLL01$h1307
=CAT  \\$aBATCH$b00$c20091122$lBLL01$h0946
=FIN  \\$aY
=LEO  \\$aMP25.0000087418
=SRC  \\$aSRI01$bbibmp25.200404.2.aa
=SSD  \\$a50300{dollar}aContinuation of "International Society of Soil Science. Soil Zoology Committee. Colloquium", q.v.
=TCO  \\$aXXX$c008
=LAS  \\$aBATCH$b00$c20091122$lBLL01$h0946

