=LDR  00992 as a2200337ua 4500
=001  008894865
=003  Uk
=005  20091122094800.0
=008  860128d1969\\\\vp\\|\p|||\\\|1\\\||mul\\
=FMT  \\$a  SE
=019  0\$as24221701x
=040  \\$aUk$cUk
=084  \\$aGU 88$2blsrissc
=111  2\$aPan-American Congress of Rheumatology.
=245  00$aPan-American Congress of Rheumatology.
=260  \\$c1969-1982.
=336  \\$atext$2rdacontent
=337  \\$aunmediated$2rdamedia
=338  \\$avolume$2rdacarrier
=500  \\$aPublisher varies.
=500  \\$aSize varies.
=852  71$aBritish Library$bSTI$2blsrissc$31969-1982; 4th, 1967 - 8th, 1982. ; Deficient: 5th, 7th, 9th
=968  \\$bX
=CAT  \\$aCONV$b00$c20040425$lBLL90$h0853
=CAT  \\$aCONV$b00$c20040502$lBLL01$h1307
=CAT  \\$aBATCH$b00$c20091122$lBLL01$h0948
=FIN  \\$aY
=LEO  \\$aMP25.0000096071
=SRC  \\$aSRI01$bbibmp25.200404.2.aa
=TCO  \\$aXXX$c008
=LAS  \\$aBATCH$b00$c20091122$lBLL01$h0948

