=LDR  01240 as a2200397ui 4500
=001  008898892
=003  Uk
=005  20070717144931.0
=008  770420c19709999sz\||\p|||\\\|1\\\||eng\\
=FMT  \\$a  SE
=019  0\$as251310000
=040  \\$aUk$cUk
=084  \\$aGU 71$2blsrissc
=084  \\$aGU 665$2blsrissc
=111  2\$aPaavo Nurmi Symposium.
=245  00$aPaavo Nurmi Symposium :$b[proceedings].
=260  \\$c1970-
=300  \\$c25 cm.
=336  \\$atext$2rdacontent
=337  \\$aunmediated$2rdamedia
=338  \\$avolume$2rdacarrier
=500  \\$aOrganised by the Paavo Nurmi Foundation.
=500  \\$aPublisher varies.
=500  \\$a1st-4th Symposia issued as "Advances in cardiology", vol.4, 8, 18, 25.
=710  2\$aPaavo Nurmi Foundation.
=852  71$aBritish Library$bSTI$2blsrissc$31970- ; 1st, 1969-
=CAT  \\$aCONV$b00$c20040425$lBLL90$h0853
=CAT  \\$aCONV$b00$c20040502$lBLL01$h1307
=CAT  \\$aglobal_upd$b40$c20060417$lBLL01$h1655
=CAT  \\$a11249$b40$c20070717$lBLL01$h1449
=CAT  \\$aBATCH$b00$c20091209$lBLL01$h0254
=FIN  \\$aY
=LEO  \\$aMP25.0000100529
=SRC  \\$aSRI01$bbibmp25.200404.2.aa
=TCO  \\$aCHE$bPRO LITTERIS$c008
=LAS  \\$aBATCH$b00$c20091209$lBLL01$h0254

