=LDR  01230 as a2200361ui 4500
=001  008899656
=003  Uk
=005  20201017085754.0
=008  780131d19671997|||ar\p|||\\\|1\\\||eng\\
=FMT  \\$a  SE
=019  0\$as253302005
=040  \\$aUk$cUk
=084  \\$aCC 73$2blsrissc
=111  2\$aEuropean Symposium on Marine Biology.
=245  00$aProceedings - European Symposium on Marine Biology.
=260  \\$c1967-1997.
=310  \\$aAnnual
=336  \\$atext$2rdacontent
=337  \\$aunmediated$2rdamedia
=338  \\$avolume$2rdacarrier
=883  0\$aLanguage codes assigned by Bayesian analysis of words present in record$d20200826$qUk$c0.9919
=852  71$aBritish Library$bSTI$2blsrissc$31967-1997; 1st, 1966 - 30th, 1995. ; Deficient: 21st, 1986
=985  \\$aUpgraded by BSS-generated file for WR2009-0365
=CAT  \\$aCONV$b00$c20040425$lBLL90$h0853
=CAT  \\$aCONV$b00$c20040502$lBLL01$h1307
=CAT  \\$aglobal_upd$b40$c20060417$lBLL01$h1655
=CAT  \\$aBATCH$b00$c20091209$lBLL01$h0254
=CAT  \\$aW2009-0365$b00$c20201017$lBLL01$h0857
=FIN  \\$aY
=LEO  \\$aMP25.0000101395
=SRC  \\$aSRI01$bbibmp25.200404.2.aa
=TCO  \\$aZZZ$c008
=LAS  \\$aW2009-0365$b00$c20201017$lBLL01$h0857

