=LDR  01005 as a2200349ua 4500
=001  008900731
=003  Uk
=005  20070717141752.0
=008  841120d1959\\\\vp\h|\p|||\\\|1\\\||eng\\
=FMT  \\$a  SE
=019  0\$as256015007
=040  \\$aUk$cUk
=084  \\$aNX 081$2blsrissc
=111  2\$aGuiana Geological Conference.
=245  00$aProceedings - Guiana Geological Conference.
=260  \\$c1959-[72?]
=300  \\$c23-30 cm.
=336  \\$atext$2rdacontent
=337  \\$aunmediated$2rdamedia
=338  \\$avolume$2rdacarrier
=500  \\$aPublisher varies.
=852  71$aBritish Library$bSTI$2blsrissc$31957-1972; 4th, 1957-9th, 1972
=968  \\$aC
=CAT  \\$aCONV$b00$c20040425$lBLL90$h0853
=CAT  \\$aCONV$b00$c20040502$lBLL01$h1307
=CAT  \\$a11249$b40$c20070717$lBLL01$h1417
=CAT  \\$aBATCH$b00$c20091122$lBLL01$h0949
=FIN  \\$aY
=LEO  \\$aMP25.0000102640
=SRC  \\$aSRI01$bbibmp25.200404.2.aa
=TCO  \\$aXXX$c008
=LAS  \\$aBATCH$b00$c20091122$lBLL01$h0949

