=LDR  02085 am a2200493ua 4500
=001  008908046
=003  Uk
=005  20160311160400.0
=008  930817|1988\\\\enk\\\\\|\\\\f000\|\eng\\
=FMT  \\$a  BK
=019  0\$as592230007
=020  \\$a0117520861
=040  \\$aUk$cUk
=082  00$a628.1/61$220
=084  \\$aJF 79$2blsrissc
=110  1\$aGreat Britain.$bStanding Committee of Analysts.
=245  10$aMethods for the determination of the metals aluminium, cadmium, chromium, cobalt, copper, iron, lead, manganese, nickel, uranium, vanadium and zinc in marine, estuarine and other waters by stripping voltammetry or concentration and atomic absorption spectrophotometry 1987 :$b(with notes on other metals and related techniques) /$c[Standing Committee of Analysts].
=246  3\$aDetermination of twelve trace metals in marine and other waters by voltammetry or AAS 1987
=260  \\$aLondon :$bHMSO,$c1988.
=300  \\$a144p. ;$c30cm.
=336  \\$atext$2rdacontent
=337  \\$aunmediated$2rdamedia
=338  \\$avolume$2rdacarrier
=490  1\$aMethods for the examination of waters and associated materials
=500  \\$aCover title: The determination of twelve trace metals in marine and other waters by voltammetry or AAS 1987.
=597  \\$aDLC$b89164771
=650  \0$aMetals$xEnvironmental aspects$xAnalysis.
=650  \0$aWater quality$xAnalysis.
=650  \0$aVoltammetry.
=650  \0$aAtomic absorption spectroscopy.
=830  \0$aMethods for the examination of waters and associated materials.
=852  71$aBritish Library$bSTI$cRES$2blsrissc
=957  \\$aCR
=CAT  \\$aCONV$b00$c20040425$lBLL90$h0857
=CAT  \\$aCONV$b00$c20040502$lBLL01$h1307
=CAT  \\$a5194$b40$c20041216$lBLL01$h0845
=CAT  \\$aBATCH$b00$c20091122$lBLL01$h0952
=CAT  \\$aBATCH$b00$c20091217$lBLL01$h0030
=CAT  \\$aBATCH-UPD$b00$c20120118$lBLL01$h1751
=CAT  \\$aBATCH-UPD$b00$c20160311$lBLL01$h1604
=FIN  \\$aY
=LEO  \\$aMP25.0000283450
=SRC  \\$aSRI01$bbibmp25.200404.2.aa
=LAS  \\$aBATCH-UPD$b00$c20160311$lBLL01$h1604

