=LDR  01378 am a22004453u 4500
=001  009029263
=003  Uk
=005  20071129012400.0
=008  710813s1971\\\\enk\\\\\|\\\\\001\|\eng\\
=FMT  \\$a  BK
=015  \\$aGB7119481$2bnb
=019  y\$aB7119481
=019  9\$a0416129404
=020  \\$a0416129404 :$c£2.30
=040  \\$aUk$cUk
=050  00$aPQ2605.A3734Z/
=082  04$a842/.9/14$218
=100  1\$aFreeman, E.$q(Edward),$d1939-
=245  14$aThe theatre of Albert Camus :$ba critical study /$cE. Freeman.
=260  \\$aLondon :$bMethuen,$c1971.
=300  \\$a[7],178p. ;$c23cm.
=336  \\$atext$2rdacontent
=337  \\$aunmediated$2rdamedia
=338  \\$avolume$2rdacarrier
=504  \\$abibl p168-173.
=597  \\$aDLC$b78860195 //r73
=600  10$aCamus, Albert,$d1913-1960$xDramatic works.
=653  \\$aDrama in French$aCamus, Albert$aCritical studies
=852  4\$aBritish Library$bDSC$x72/6072
=CAT  \\$aCONV$b00$c20040425$lBLL90$h0526
=CAT  \\$aCONV$b00$c20040502$lBLL01$h1313
=CAT  \\$aglobal_upd$b40$c20060417$lBLL01$h0731
=CAT  \\$aUCB-HOL$b00$c20070918$lBLL01$h1623
=CAT  \\$aBATCH$b00$c20070918$lBLL01$h2022
=CAT  \\$aBATCH$b00$c20071129$lBLL01$h0124
=FIN  \\$aY
=LEO  \\$aMP3.0000071629
=SRC  \\$aBNB02$bbibmp3.200404.2.aa
=SRC  \\$aUCB 2007
=LAS  \\$aBATCH$b00$c20071129$lBLL01$h0124

