=LDR  01396 am a22004698a 4500
=001  009051350
=003  Uk
=005  20100212183300.0
=008  970305s1997\\\\enk\\\\||\\\\\000\||eng\\
=FMT  \\$a  BK
=015  \\$aGB97Z0309$2bnb
=019  y\$ab97Z0309
=019  9\$a0120059266
=019  a\$aG05275852
=020  \\$a0120059266 :$c£80.00
=039  0\$a2432
=040  \\$aStDuBDS$dUk
=082  04$a580$221
=245  00$aAdvances in botanical research :$bincorporating advances in plant pathology.$nVol. 26 /$ceditor, J. A. Callow.
=260  \\$aLondon :$bAcademic,$c1997.
=263  \\$a199704
=300  \\$a400p. :$bill. ;$c23cm.
=336  \\$atext$2rdacontent
=337  \\$aunmediated$2rdamedia
=338  \\$avolume$2rdacarrier
=500  \\$aIncludes index.
=650  \0$aBotany.
=700  1\$aCallow, J. A.
=852  41$aBritish Library$bDSC$i0700.5
=CAT  \\$aCONV$b00$c20040425$lBLL90$h0532
=CAT  \\$aCONV$b00$c20040502$lBLL01$h1314
=CAT  \\$aglobal_upd$b40$c20060417$lBLL01$h0736
=CAT  \\$aBATCH$b00$c20091122$lBLL01$h0955
=CAT  \\$aBATCH-UPD$b00$c20100212$lBLL01$h1833
=FIN  \\$aY
=LEO  \\$aMP5.0000082394
=LEO  \\$aMP5.0001532602
=LEO  \\$aMP8.0001341804
=SRC  \\$aBNB03$bbibmp5.200404.2.aa
=SRC  \\$aBNB03$bbibmp5.200404.2.ac
=SRC  \\$aDSC01$bbibmp8.200404.2.ab
=LAS  \\$aBATCH-UPD$b00$c20100212$lBLL01$h1833

