=LDR  01415 am a22004698a 4500
=001  009051351
=003  Uk
=005  20100212183300.0
=008  970513s1997\\\\enk\\\\||\\\\\000\||eng\\
=FMT  \\$a  BK
=015  \\$aGB97Y1933$2bnb
=019  y\$ab97Y1933
=019  9\$a0120059274
=019  a\$aG05309779
=020  \\$a0120059274 :$c£80.00
=039  0\$a2441
=040  \\$aStDuBDS$dUk
=082  04$a580$221
=245  00$aAdvances in botanical research :$bincorporating advances in plant pathology.$nVol. 27,$pClassic papers /$cedited by J. A. Callow.
=260  \\$aLondon :$bAcademic,$c1997.
=263  \\$a199707
=300  \\$a400p. :$bill. ;$c23cm.
=336  \\$atext$2rdacontent
=337  \\$aunmediated$2rdamedia
=338  \\$avolume$2rdacarrier
=500  \\$aIncludes index.
=650  \0$aBotany.
=700  1\$aCallow, J. A.
=852  41$aBritish Library$bDSC$i0700.5
=CAT  \\$aCONV$b00$c20040425$lBLL90$h0532
=CAT  \\$aCONV$b00$c20040502$lBLL01$h1314
=CAT  \\$aglobal_upd$b40$c20060417$lBLL01$h0736
=CAT  \\$aBATCH$b00$c20091122$lBLL01$h0955
=CAT  \\$aBATCH-UPD$b00$c20100212$lBLL01$h1833
=FIN  \\$aY
=LEO  \\$aMP5.0000082395
=LEO  \\$aMP5.0001532603
=LEO  \\$aMP8.0001352897
=SRC  \\$aBNB03$bbibmp5.200404.2.aa
=SRC  \\$aBNB03$bbibmp5.200404.2.ac
=SRC  \\$aDSC01$bbibmp8.200404.2.ab
=LAS  \\$aBATCH-UPD$b00$c20100212$lBLL01$h1833

