=LDR  01308 am a22004578a 4500
=001  009051352
=003  Uk
=005  20100212183300.0
=008  990817s1999\\\\xxu\\\\||\\\\\000\||eng\\
=FMT  \\$a  BK
=015  \\$aGB99W3234$2bnb
=019  y\$ab99W3234
=019  9\$a0120059304
=019  a\$aG05858233
=020  \\$a0120059304 :$c£59.95
=039  0\$a2420
=040  \\$aStDuBDS$dUk
=082  04$a580$221
=100  1\$aCallow, J. A.
=245  10$aAdvances in botanical research.$nVol. 30.
=260  \\$aSan Diego, Calif. ;$aLondon :$bAcademic,$c1999.
=263  \\$a199909
=300  \\$a300p. ;$c23cm.
=336  \\$atext$2rdacontent
=337  \\$aunmediated$2rdamedia
=338  \\$avolume$2rdacarrier
=650  \0$aBotany.
=852  41$aBritish Library$bDSC$i0700.5
=CAT  \\$aCONV$b00$c20040425$lBLL90$h0532
=CAT  \\$aCONV$b00$c20040502$lBLL01$h1314
=CAT  \\$aglobal_upd$b40$c20060417$lBLL01$h0736
=CAT  \\$aBATCH$b00$c20091122$lBLL01$h0955
=CAT  \\$aBATCH-UPD$b00$c20100212$lBLL01$h1833
=FIN  \\$aY
=LEO  \\$aMP5.0000082396
=LEO  \\$aMP5.0001532604
=LEO  \\$aMP8.0001569787
=SRC  \\$aBNB03$bbibmp5.200404.2.aa
=SRC  \\$aBNB03$bbibmp5.200404.2.ac
=SRC  \\$aDSC01$bbibmp8.200404.2.ac
=LAS  \\$aBATCH-UPD$b00$c20100212$lBLL01$h1833

