=LDR  01227 am a2200397 a 4500
=001  009052452
=003  Uk
=005  20091122095600.0
=008  040322s2003\\\\enka\\\||b\\\\001\||eng\\
=FMT  \\$a  BK
=010  \\$a2002042490
=015  \\$aGBA423910$2bnb
=019  y\$abA423910
=019  9\$a0131002872
=020  \\$a0131002872 (pbk.) :$cNo price
=039  0\$a2785
=040  \\$aDLC$cDLC$dUk
=082  04$a005.133$221
=100  1\$aEckel, Bruce.
=245  10$aThinking in Java /$cBruce Eckel.
=250  \\$a3rd ed.
=260  \\$aUpper Saddle River, N.J. ;$a[Great Britain] :$bPrentice Hall,$cc2003.
=300  \\$a1119 p. :$bill. ;$c24 cm. +$e1 CD-ROM (4 3/4 in.)
=336  \\$atext$2rdacontent
=337  \\$aunmediated$2rdamedia
=338  \\$avolume$2rdacarrier
=504  \\$aIncludes bibliographical references (p. 1091-1096) and index.
=650  \0$aJava (Computer program language)
=852  41$aBritish Library$bHMNTS$mEMC.2004.a.558
=CAT  \\$aCONV$b00$c20040425$lBLL90$h0532
=CAT  \\$aCONV$b00$c20040502$lBLL01$h1314
=CAT  \\$aBATCH$b00$c20091122$lBLL01$h0956
=FIN  \\$aY
=LEO  \\$aMP5.0000084813
=SRC  \\$aBNB03$bbibmp5.200404.2.aa
=LAS  \\$aBATCH$b00$c20091122$lBLL01$h0956

