=LDR  03299cam a22007935a 4500
=001  009069240
=003  Uk
=005  20221231190140.0
=008  020524s1999\\\\enk\\\\||\\\\\000\||eng\\
=FMT  \\$a  BK
=015  \\$aGBA236851$2bnb
=019  y\$abA236851
=019  9\$a1874493626
=019  a\$aG07612652
=020  \\$a1874493626
=035  \\$a(UkOxU)O15293603
=040  \\$aUkOxU$dUk
=100  10$aJewkes, Yvonne,$d1966-
=245  10$aMoral panics in a risk society :$ba critical evaluation /$cYvonne Jewkes.
=260  \\$aLeicester :$bScarman Centre for the Study of Public Order, University of Leicester,$cc1999.
=300  \\$a45 p. ;$c21 cm.
=336  \\$atext$2rdacontent
=337  \\$aunmediated$2rdamedia
=338  \\$avolume$2rdacarrier
=490  1\$aStudies in crime, order and policing. Occasional paper ;$vno. 15
=504  \\$aIncludes bibliographical references (p. 34-37)
=540  \\$aCurrent Copyright Fee: GBP25.00$c0$5Uk
=650  \0$aDeviant behavior$xPublic opinion.
=650  \0$aDeviant behavior in mass media.
=710  2\$aScarman Centre.
=886  2\$2ukmarc$a910$b20$aUniversity of Leicester$cScarman Centre$xSee$aScarman Centre$z710
=886  2\$2ukmarc$a910$b20$aScarman Centre for the Study of Public Order$xSee also$aScarman Centre$z710
=830  \0$aStudies in crime, order and policing.$pOccasional paper ;$vno. 15
=852  41$aBritish Library$bDSC$i8490.313790
=CAT  \\$aCONV$b00$c20040425$lBLL90$h0542
=CAT  \\$aCONV$b00$c20040502$lBLL01$h1314
=CAT  \\$aglobal_upd$b40$c20060417$lBLL01$h0738
=CAT  \\$aBATCH$b00$c20091122$lBLL01$h1000
=CAT  \\$aBATCH$b00$c20091217$lBLL01$h0035
=CAT  \\$aBATCH-CLA$b00$c20120928$lBLL01$h1834
=CAT  \\$aBATCH-CLA$b00$c20120930$lBLL01$h1043
=CAT  \\$aBATCH-CLA$b00$c20130508$lBLL01$h0729
=CAT  \\$aBATCH-CLA$c20131217$lBLL01$h1743
=CAT  \\$aIPL-CLA$c20131231$lBLL01$h1944
=CAT  \\$aBATCH-CLA$b00$c20161222$lBLL01$h1712
=CAT  \\$aBATCH-UPD$b00$c20161223$lBLL01$h1510
=CAT  \\$aIPL-CLA$c20161230$lBLL01$h1847
=CAT  \\$aBATCH-CLA$b00$c20171222$lBLL01$h2010
=CAT  \\$aIPL-CLA$c20171231$lBLL01$h1422
=CAT  \\$aBATCH-CLA$b00$c20191219$lBLL01$h1636
=CAT  \\$aIPL-CLA$c20191231$lBLL01$h1746
=CAT  \\$aBATCH-CLA$b00$c20201204$lBLL01$h1433
=CAT  \\$aIPL-CLA$c20201231$lBLL01$h1946
=CAT  \\$aBATCH-CLA$b00$c20221221$lBLL01$h1738
=CAT  \\$aIPL-CLA$c20221231$lBLL01$h1901
=CFI  0\$aCurrent Copyright Fee: GBP25.00$c0$e01-jan-2023$fGBP25.00$g0$hA$5Uk
=CFI  2\$aPrevious Copyright Fee: GBP22.50$c0$e01-jan-2021$fGBP22.50$g0$hA$5Uk
=FIN  \\$aY
=LEO  \\$aMP5.0000442587
=LEO  \\$aMP8.0001796431
=SRC  \\$aBNB03$bbibmp5.200404.2.aa
=SRC  \\$aDSC01$bbibmp8.200404.2.ac
=TCO  \\$aCLA$bCLA$c008
=ACF  \\$aPrevious copyright fee: GBP12.00$c0$e01-jan-2012$fGBP12.00$g0$hA$5Uk
=ACF  \\$aPrevious Copyright Fee: GBP12.30$c0$e01-jan-2014$fGBP12.30$g0$hA$5Uk
=ACF  \\$aPrevious Copyright Fee: GBP15.00$c0$e01-jan-2017$fGBP15.00$g0$hA$5Uk
=ACF  \\$aPrevious Copyright Fee: GBP17.50$c0$e01-jan-2018$fGBP17.50$g0$hA$5Uk
=ACF  \\$aPrevious Copyright Fee: GBP20.00$c0$e01-jan-2020$fGBP20.00$g0$hA$5Uk
=LAS  \\$aIPL-CLA$b00$c20221231$lBLL01$h1901

