=LDR  01647 am a22005058a 4500
=001  009073262
=003  Uk
=005  20091122100200.0
=008  990924s1998\\\\enk\\\\||\\\\\000\||eng\\
=FMT  \\$a  BK
=015  \\$aGB99V5470$2bnb
=019  y\$ab99V5470
=019  9\$a1898802157
=019  g\$aadv5000814932
=019  a\$aG05875716
=020  \\$a1898802157 (pbk) :$c£30.00
=039  0\$a2561
=040  \\$aStDuBDS$dUk
=082  04$a330.947$221
=245  00$aTransition report 1999 :$bfinancial sector in transition.
=260  \\$aLondon :$bEuropean Bank for Reconstruction and Development,$c1999.
=263  \\$a199811
=300  \\$a235p. ;$c30cm.
=336  \\$atext$2rdacontent
=337  \\$aunmediated$2rdamedia
=338  \\$avolume$2rdacarrier
=651  \0$aEurope, Eastern$xEconomic conditions$y1989-.
=651  \0$aRussia (Federation)$xEconomic conditions$y1991-.
=651  \0$aFormer Soviet republics$xEconomic conditions.
=710  2\$aEuropean Bank for Reconstruction and Development.
=852  41$aBritish Library$bDSC$i9020.863
=945  \\$aTransition report - European bank for reconstruction and development
=966  \\$lACQUIS 13/07/2000
=CAT  \\$aCONV$b00$c20040425$lBLL90$h0542
=CAT  \\$aCONV$b00$c20040502$lBLL01$h1314
=CAT  \\$aglobal_upd$b40$c20060417$lBLL01$h0738
=CAT  \\$aBATCH$b00$c20091122$lBLL01$h1002
=FIN  \\$aY
=LEO  \\$aMP5.0000449383
=LEO  \\$aMP5.0001874316
=LEO  \\$aMP8.0001577114
=SRC  \\$aBNB03$bbibmp5.200404.2.aa
=SRC  \\$aBNB03$bbibmp5.200404.2.ad
=SRC  \\$aDSC01$bbibmp8.200404.2.ac
=LAS  \\$aBATCH$b00$c20091122$lBLL01$h1002

