=LDR  01881cam a2200457 a 4500
=001  009075957
=003  Uk
=005  20220625171600.0
=008  040329s2003\\\\enk\\\\||\\\\\000\|aeng\\
=FMT  \\$a  BK
=015  \\$aGBA3Z1237$2bnb
=019  y\$abA3Z1237
=019  9\$a1900850850
=020  \\$a1900850850 (pbk.) :$c£12.99
=039  0\$a2786
=040  \\$aStDuBDS$dUk
=041  1\$aeng$hhun
=082  04$a943.9$222
=100  1\$aBánffy, Miklós,$d1873-1950.
=245  14$aThe phoenix land :$bthe memoirs of Count Miklós Bánffy, including Emlékeimböl - From my memories and Huszonöt Ev (1945) -Twenty-five years (1945) /$cMiklós Bánffy ; translated by Patrick Thursfield and Katalin Bánffy-Jelen ; with an introduction by Patrick Thursfield.
=260  \\$aLondon :$bArcadia,$c2003.
=300  \\$axviii, 419 p. ;$c22 cm.
=336  \\$atext$2rdacontent
=337  \\$aunmediated$2rdamedia
=338  \\$avolume$2rdacarrier
=600  14$aBánffy, Miklós,$d1873-1950.
=650  \0$aDiplomats$zHungary$vBiography.
=651  \0$aHungary$xHistory.
=886  2\$2ukmarc$a900$b10$aBánffy$hMiklós$fgróf$c1874-1950$xSee$aBánffy, Miklós,$x1874-1950$z100
=886  2\$2ukmarc$a900$b10$aMyll$hBen$c1874-1950$xSee also$aBánffy, Miklós,$x1874-1950$z100
=886  2\$2ukmarc$a900$b10$aBánffy$hMiklós$fgróf$c1874-1950$xSee$aBánffy, Miklós,$x1874-1950$z600
=886  2\$2ukmarc$a900$b10$aMyll$hBen$c1874-1950$xSee also$aBánffy, Miklós,$x1874-1950$z600
=852  41$aBritish Library$bHMNTS$hH.2004/1087
=CAT  \\$aCONV$b00$c20040425$lBLL90$h0542
=CAT  \\$aCONV$b00$c20040502$lBLL01$h1315
=CAT  \\$aBATCH$b00$c20091122$lBLL01$h1002
=CAT  \\$aBATCH-UPD$b00$c20220625$lBLL01$h1716
=FIN  \\$aY
=LEO  \\$aMP5.0000454744
=SRC  \\$aBNB03$bbibmp5.200404.2.aa
=LAS  \\$aBATCH-UPD$b00$c20220625$lBLL01$h1716

