=LDR  01168 am a2200397 a 4500
=001  009088750
=003  Uk
=005  20100123113823.0
=008  880210s1987\\\\enka\\\j\\\\\\000\1\eng\\
=FMT  \\$a  BK
=015  \\$aGB8814312$2bnb
=019  y\$ab8814312
=019  9\$a0426202775
=020  \\$a0426202775 (pbk.) :$c£0.99
=039  0\$a1976
=040  \\$aUk$cUk$dUk
=082  04$a823/.9/1$218
=082  04$a813/.54$219
=245  00$aFluppy love is-- '1.
=260  \\$aLondon :$bW. H. Allen,$c1987.
=300  \\$a[20] p. :$bcol. ill. ;$c13 cm.
=336  \\$atext$2rdacontent
=337  \\$aunmediated$2rdamedia
=338  \\$avolume$2rdacarrier
=490  0\$aA Target book
=490  0\$aDisney's fluppy book ;$v1
=653  \\$aChildren's stories in English$aAmerican writers$a1945-$aTexts
=852  41$aBritish Library$bHMNTS$mW.E.a.1338
=CAT  \\$aCONV$b00$c20040425$lBLL90$h0601
=CAT  \\$aCONV$b00$c20040502$lBLL01$h1315
=CAT  \\$aBATCH$b00$c20091122$lBLL01$h1007
=CAT  \\$a10750$b40$c20100123$lBLL01$h1138
=FIN  \\$aY
=LEO  \\$aMP5.0001020673
=SRC  \\$aBNB03$bbibmp5.200404.2.ab
=LAS  \\$a10750$b40$c20100123$lBLL01$h1138

