=LDR  03032cam a22007933u 4500
=001  009163807
=003  Uk
=005  20221231190339.0
=008  \\\\\\||||||||||||\\\\||\\\\o0||\||eng\\
=FMT  \\$a  BK
=019  8\$angb200008381
=019  a\$aG05978695
=040  \\$aUk$cUk
=072  \7$a05R$2sigle
=072  \7$a05A$2sigle
=082  04$a301$222
=082  04$a361$222
=082  04$a658$222
=110  1\$aGreat Britain.$bSocial Services Inspectorate.
=245  04$aThe Social Services Inspectorate :$bwho we are and what we do.
=260  \\$bGreat Britain, Social Services Inspectorate,$cMar 2000.
=336  \\$atext$2rdacontent
=337  \\$aunmediated$2rdamedia
=338  \\$avolume$2rdacarrier
=540  \\$aCurrent Copyright Fee: GBP25.00$c0$5Uk
=650  \0$aSociology
=650  \0$aHuman services
=650  \0$aManagement
=653  \\$aSociology
=653  \\$aManagement & business studies
=690  7\$aManagement and Business Studies$2blcoll
=690  7\$aSocial Welfare$2blcoll
=852  41$aBritish Library$bDSC$i8318.204201
=945  \\$aSocial Services Inspectorate -Guide- ; Jul 2001
=CAT  \\$aCONV$b00$c20040425$lBLL90$h0651
=CAT  \\$aCONV$b00$c20040502$lBLL01$h1317
=CAT  \\$aglobal_upd$b40$c20060417$lBLL01$h0803
=CAT  \\$asigle_ddc$b40$c20070409$lBLL01$h1939
=CAT  \\$aBATCH$b00$c20091209$lBLL01$h0355
=CAT  \\$aBATCH-CLA$b00$c20120928$lBLL01$h1832
=CAT  \\$aBATCH-CLA$b00$c20120930$lBLL01$h1038
=CAT  \\$aBATCH-UPD$b00$c20130310$lBLL01$h0449
=CAT  \\$aBATCH-CLA$b00$c20130508$lBLL01$h0724
=CAT  \\$aBATCH-CLA$c20131217$lBLL01$h1744
=CAT  \\$aIPL-CLA$c20131231$lBLL01$h1945
=CAT  \\$aBATCH-CLA$b00$c20161222$lBLL01$h1712
=CAT  \\$aIPL-CLA$c20161230$lBLL01$h1848
=CAT  \\$aBATCH-MBS$c20170106$lBLL01$h2113
=CAT  \\$aBATCH-SWP$c20170106$lBLL01$h2209
=CAT  \\$aBATCH-CLA$b00$c20171222$lBLL01$h2010
=CAT  \\$aIPL-CLA$c20171231$lBLL01$h1423
=CAT  \\$aBATCH-CLA$b00$c20191219$lBLL01$h1637
=CAT  \\$aIPL-CLA$c20191231$lBLL01$h1747
=CAT  \\$aBATCH-CLA$b00$c20201204$lBLL01$h1433
=CAT  \\$aIPL-CLA$c20201231$lBLL01$h1947
=CAT  \\$aBATCH-CLA$b00$c20221221$lBLL01$h1739
=CAT  \\$aIPL-CLA$c20221231$lBLL01$h1903
=CFI  0\$aCurrent Copyright Fee: GBP25.00$c0$e01-jan-2023$fGBP25.00$g0$hA$5Uk
=CFI  2\$aPrevious Copyright Fee: GBP22.50$c0$e01-jan-2021$fGBP22.50$g0$hA$5Uk
=FIN  \\$aY
=LEO  \\$aMP8.0001617497
=SRC  \\$aDSC01$bbibmp8.200404.2.ac
=TCO  \\$aCLA$bCLA$c008
=ACF  \\$aPrevious copyright fee: GBP12.00$c0$e01-jan-2012$fGBP12.00$g0$hA$5Uk
=ACF  \\$aPrevious Copyright Fee: GBP12.30$c0$e01-jan-2014$fGBP12.30$g0$hA$5Uk
=ACF  \\$aPrevious Copyright Fee: GBP15.00$c0$e01-jan-2017$fGBP15.00$g0$hA$5Uk
=ACF  \\$aPrevious Copyright Fee: GBP17.50$c0$e01-jan-2018$fGBP17.50$g0$hA$5Uk
=ACF  \\$aPrevious Copyright Fee: GBP20.00$c0$e01-jan-2020$fGBP20.00$g0$hA$5Uk
=LAS  \\$aIPL-CLA$b00$c20221231$lBLL01$h1903

