=LDR  02846cam a22006973u 4500
=001  009166807
=003  Uk
=005  20221231190341.0
=008  000406s2000\\\\enk\\\\||\\\\\000\||eng\\
=FMT  \\$a  BK
=019  a\$aG05998573
=020  \\$cNo price (pbk.)
=040  \\$aUk$cUk
=082  04$a323.09611$221
=245  04$aThe administration of justice in Tunisia :$btorture, trumped-up charges and a tainted trial.
=260  \\$aNew York, N.Y. :$bHuman Rights Watch ;$aLondon :$bAmnesty International,$c[2000]
=300  \\$a31 p. ;$c28 cm.
=336  \\$atext$2rdacontent
=337  \\$aunmediated$2rdamedia
=338  \\$avolume$2rdacarrier
=490  0\$aHuman rights watch ;$vvol 12 no.1 (E)
=540  \\$aCurrent Copyright Fee: GBP25.00$c0$5Uk
=650  \0$aHuman rights$zTunisia.
=651  \0$aTunisia$xPolitics and government$y1987-.
=710  2\$aHuman Rights Watch (Organization)
=710  2\$aAmnesty International.
=710  2\$aFédération internationale des droits de l'homme.
=852  41$aBritish Library$bDSC$i4336.444458
=CAT  \\$aCONV$b00$c20040425$lBLL90$h0651
=CAT  \\$aCONV$b00$c20040502$lBLL01$h1317
=CAT  \\$aUE-01$b00$c20050706$lBLL01$h1645
=CAT  \\$aglobal_upd$b40$c20060417$lBLL01$h0804
=CAT  \\$aBATCH$b00$c20091209$lBLL01$h0357
=CAT  \\$aBATCH$b00$c20091225$lBLL01$h0021
=CAT  \\$aBATCH-CLA$b00$c20120928$lBLL01$h1829
=CAT  \\$aBATCH-CLA$b00$c20120930$lBLL01$h1033
=CAT  \\$aBATCH-CLA$b00$c20130508$lBLL01$h0717
=CAT  \\$aBATCH-CLA$c20131217$lBLL01$h1744
=CAT  \\$aIPL-CLA$c20131231$lBLL01$h1945
=CAT  \\$aBATCH-CLA$b00$c20161222$lBLL01$h1712
=CAT  \\$aIPL-CLA$c20161230$lBLL01$h1848
=CAT  \\$aBATCH-CLA$b00$c20171222$lBLL01$h2010
=CAT  \\$aIPL-CLA$c20171231$lBLL01$h1423
=CAT  \\$aBATCH-CLA$b00$c20191219$lBLL01$h1637
=CAT  \\$aIPL-CLA$c20191231$lBLL01$h1747
=CAT  \\$aBATCH-CLA$b00$c20201204$lBLL01$h1433
=CAT  \\$aIPL-CLA$c20201231$lBLL01$h1947
=CAT  \\$aBATCH-CLA$b00$c20221221$lBLL01$h1739
=CAT  \\$aIPL-CLA$c20221231$lBLL01$h1903
=CFI  0\$aCurrent Copyright Fee: GBP25.00$c0$e01-jan-2023$fGBP25.00$g0$hA$5Uk
=CFI  2\$aPrevious Copyright Fee: GBP22.50$c0$e01-jan-2021$fGBP22.50$g0$hA$5Uk
=FIN  \\$aY
=LEO  \\$aMP8.0001624205
=SRC  \\$aDSC01$bbibmp8.200404.2.ac
=TCO  \\$aZZZ$c008
=ACF  \\$aPrevious copyright fee: GBP12.00$c0$e01-jan-2012$fGBP12.00$g0$hA$5Uk
=ACF  \\$aPrevious Copyright Fee: GBP12.30$c0$e01-jan-2014$fGBP12.30$g0$hA$5Uk
=ACF  \\$aPrevious Copyright Fee: GBP15.00$c0$e01-jan-2017$fGBP15.00$g0$hA$5Uk
=ACF  \\$aPrevious Copyright Fee: GBP17.50$c0$e01-jan-2018$fGBP17.50$g0$hA$5Uk
=ACF  \\$aPrevious Copyright Fee: GBP20.00$c0$e01-jan-2020$fGBP20.00$g0$hA$5Uk
=LAS  \\$aIPL-CLA$b00$c20221231$lBLL01$h1903

