=LDR  01306 am a22004213u 4500
=001  009167198
=003  Uk
=005  20091225002100.0
=008  000601s1997\\\\enka\\\||\\\\\001\||eng\\
=FMT  \\$a  BK
=019  g\$aadv5000644786
=019  a\$aG06001253
=020  \\$a0853747288 (pbk.)
=040  \\$aUk$cUk
=100  1\$aPayne, Joan.
=245  10$aStudent loans :$bwho borrows and why? /$cJoan Payne with Claire Callender.
=260  \\$aLondon :$bPolicy Studies Institute,$cc1997.
=300  \\$axii,68p. :$bill. ;$c24cm.
=336  \\$atext$2rdacontent
=337  \\$aunmediated$2rdamedia
=338  \\$avolume$2rdacarrier
=490  0\$aPSI report ;$v848
=504  \\$aIncludes bibliographical references.
=700  1\$aCallender, Claire.
=710  2\$aPolicy Studies Institute.
=852  41$aBritish Library$bDSC$i6945.8175
=945  \\$aPSI report ; v848
=966  \\$lACQUIS 27/04/00
=966  \\$lACQUIS 19/07/2002
=CAT  \\$aCONV$b00$c20040425$lBLL90$h0651
=CAT  \\$aCONV$b00$c20040502$lBLL01$h1317
=CAT  \\$aglobal_upd$b40$c20060417$lBLL01$h0804
=CAT  \\$aBATCH$b00$c20091209$lBLL01$h0357
=CAT  \\$aBATCH$b00$c20091225$lBLL01$h0021
=FIN  \\$aY
=LEO  \\$aMP8.0001625552
=SRC  \\$aDSC01$bbibmp8.200404.2.ac
=LAS  \\$aBATCH$b00$c20091225$lBLL01$h0021

