=LDR  01791cam a22005173u 4500
=001  009170881
=003  Uk
=005  20220630170021.0
=008  001204s2000\\\\xxu\\\\||b\\\\001\||eng\|
=FMT  \\$a  BK
=019  a\$aG06027701
=020  \\$a0792360206
=020  \\$cCIP entry
=040  \\$aDLC$cDLC$dUk
=050  00$aQR100.9
=082  04$a579.1758$221
=245  00$aJourney to diverse microbial worlds :$badaptation to exotic environments /$cedited by Joseph Seckbach.
=260  \\$aBoston :$bKluwer Academic Publishers,$c2000.
=300  \\$ap. cm.
=336  \\$atext$2rdacontent
=337  \\$aunmediated$2rdamedia
=338  \\$avolume$2rdacarrier
=490  0\$aCellular origin and life in extreme habitats ;$vv. 2
=504  \\$aIncludes bibliographical references and index.
=597  \\$aEnhanced$bSRIS DDC
=598  \\$aPROV.RECORD
=540  \\$aBritish Library not licensed to copy$c0$5Uk
=650  \0$aExtreme environments$xMicrobiology.
=650  \0$aAdaptation (Physiology)
=700  1\$aSeckbach, J.$q(Joseph).
=886  2\$2blmarc$a010$b00$a00034890
=852  41$aBritish Library$bDSC$i3097.9336
=CAT  \\$aCONV$b00$c20040425$lBLL90$h0651
=CAT  \\$aCONV$b00$c20040502$lBLL01$h1317
=CAT  \\$a10743$b40$c20050401$lBLL01$h1206
=CAT  \\$aglobal_upd$b40$c20060417$lBLL01$h0806
=CAT  \\$aBATCH$b00$c20091209$lBLL01$h0358
=CAT  \\$aBATCH$b00$c20091225$lBLL01$h0022
=CAT  \\$aBATCH-UPD$b00$c20201127$lBLL01$h2038
=CAT  \\$aBATCH-CLAB$c20220627$lBLL01$h2111
=CAT  \\$aIPL-CLA$c20220630$lBLL01$h1700
=CFI  0\$aBritish Library not licensed to copy$c0$e01-jul-2022$hC$iCFP Excluded$5Uk
=FIN  \\$aY
=LEO  \\$aMP8.0001634991
=SRC  \\$aDSC01$bbibmp8.200404.2.ac
=LAS  \\$aIPL-CLA$b00$c20220630$lBLL01$h1700

