=LDR  03348cas a22007693  4500
=001  009198413
=003  Uk
=005  20221231190821.0
=008  040409u||||||||gw\a|\p|||\\\\0\\\|0ger\\
=FMT  \\$a  SE
=019  c\$a2404621
=040  \\$aUk$cUk
=245  00$aHANDBUCH VERFAHRENSTECHNIK.
=336  \\$atext$2rdacontent
=337  \\$aunmediated$2rdamedia
=338  \\$avolume$2rdacarrier
=540  \\$aCurrent Copyright Fee: GBP25.00$c0$5Uk
=886  2\$2blmarc$a092$b00$a4254.541300n
=883  0\$aLanguage codes assigned by Bayesian analysis of words present in record$d20210115$qUk$c0.9450
=852  71$aBritish Library$bSTI$cRES$k(XP)$kAA 690$m-E(49)$3[19]88/89 - 1998
=945  \\$aHANDBUCH VERFAHRENSTECHNIK.
=979  \\$aBritish Library$bDSC$j4254.541300N
=A02  \\$a2404621
=CAT  \\$aCONV$b00$c20040425$lBLL90$h0703
=CAT  \\$aBATCH-UPD$b00$c20100225$lBLL01$h2341
=CAT  \\$aBATCH-UPD$b00$c20100331$lBLL01$h2133
=CAT  \\$aBATCH-UPD$b00$c20100401$lBLL01$h0104
=CAT  \\$aBATCH$b00$c20100401$lBLL01$h0413
=CAT  \\$aBATCH$b00$c20100401$lBLL01$h1425
=CAT  \\$aBATCH-UPD$b00$c20101124$lBLL01$h1809
=CAT  \\$aBATCH-UPD$b00$c20101125$lBLL01$h1030
=CAT  \\$aIPL-CLA$c20101231$lBLL01$h1251
=CAT  \\$aWR11_203$c20111204$lBLL01$h1332
=CAT  \\$aIPL-CLA$c20111230$lBLL01$h1752
=CAT  \\$aBATCH-CLA$b00$c20121104$lBLL01$h1012
=CAT  \\$aWR13.005$c20130322$lBLL01$h1936
=CAT  \\$aBATCH-CLA$c20131217$lBLL01$h1754
=CAT  \\$aIPL-CLA$c20131231$lBLL01$h1958
=CAT  \\$aBATCH-CLA$b00$c20161222$lBLL01$h1715
=CAT  \\$aIPL-CLA$c20161230$lBLL01$h1855
=CAT  \\$aBATCH-CLA$b00$c20171222$lBLL01$h2014
=CAT  \\$aIPL-CLA$c20171231$lBLL01$h1430
=CAT  \\$aBATCH-CLA$b00$c20191219$lBLL01$h1640
=CAT  \\$aIPL-CLA$c20191231$lBLL01$h1752
=CAT  \\$aBATCH-CLA$b00$c20201204$lBLL01$h1436
=CAT  \\$aIPL-CLA$c20201231$lBLL01$h1953
=CAT  \\$aW2102-0046$b00$c20210506$lBLL01$h1438
=CAT  \\$aBATCH-CLA$b00$c20221221$lBLL01$h1742
=CAT  \\$aIPL-CLA$c20221231$lBLL01$h1908
=CFI  0\$aCurrent Copyright Fee: GBP25.00$c0$e01-jan-2023$fGBP25.00$g0$hA$5Uk
=CFI  2\$aPrevious Copyright Fee: GBP22.50$c0$e01-jan-2021$fGBP22.50$g0$hA$5Uk
=FIN  \\$aY
=LEO  \\$aMP10.0000258508
=SRC  \\$aDSS01$bbibmp10.200404.2.aa
=TCO  \\$aDEU$bVG WORT$c008
=ACF  \\$aPrevious copyright fee: GBP9.00$c0$e01-apr-2010$fGBP9.00$g0$hA$5Uk
=ACF  \\$aPrevious copyright fee: GBP6.00$c0$e01-apr-2008$fGBP6.00$g0$hA$5Uk
=ACF  \\$aPrevious copyright fee: GBP5.00$c0$e01-jul-2002$fGBP5.00$g0$hA$5Uk
=ACF  \\$aCurrent copyright fee: GBP4.40$c0$e01-jul-1998$fGBP4.40$g0$hA$5Uk
=ACF  \\$aCurrent copyright fee: GBP4.20$c0$e01-apr-1997$fGBP4.20$g0$hA$5Uk
=ACF  \\$aPrevious copyright fee: GBP10.50$c0$e01-jan-2011$fGBP10.50$g0$hA$5Uk
=ACF  \\$aPrevious copyright fee: GBP12.00$c0$e01-jan-2012$fGBP12.00$g0$hA$5Uk
=ACF  \\$aPrevious Copyright Fee: GBP12.30$c0$e01-jan-2014$fGBP12.30$g0$hA$5Uk
=ACF  \\$aPrevious Copyright Fee: GBP15.00$c0$e01-jan-2017$fGBP15.00$g0$hA$5Uk
=ACF  \\$aPrevious Copyright Fee: GBP17.50$c0$e01-jan-2018$fGBP17.50$g0$hA$5Uk
=ACF  \\$aPrevious Copyright Fee: GBP20.00$c0$e01-jan-2020$fGBP20.00$g0$hA$5Uk
=LAS  \\$aIPL-CLA$b00$c20221231$lBLL01$h1908

