=LDR  01322 am a2200409ua 4500
=001  009533185
=003  Uk
=005  20130504020300.0
=008  980318s1982\\\\ge\\\\\||\\\\||||\||lat\\
=FMT  \\$a  BK
=019  1\$ar6306115
=019  s\$aoagh19795
=040  \\$aUk$cUk
=082  04$a878 EXS
=100  1\$aExuperantius, Julius,$dactive 5th century.
=240  10$aOpusculum
=245  10$aIulii Exuperantii Opusculum /$cedidit Naevius Zorzetti.
=260  \\$aLeipzig :$bTeubner,$c1982.
=300  \\$axxvi,13p.
=336  \\$atext$2rdacontent
=337  \\$aunmediated$2rdamedia
=338  \\$avolume$2rdacarrier
=490  0\$aBibliotheca scriptorum Graecorum et Romanorum Teubneriana
=504  \\$aIncludes bibliography.
=700  1\$aZorzetti, Naevius.
=886  2\$2ukmarc$a900$b10$aExsuperantius$hJulius$c5th cent.$xSee$aExuperantius, Julius,$x5th cent.$z100
=852  11$aBritish Library$bHMNTS$kHLR$h870$mEXS (TN)
=957  \\$a8205p
=985  \\$aRecord amended for WR# 13/070
=CAT  \\$aCONV$b00$c20040425$lBLL90$h0847
=CAT  \\$aCONV$b00$c20040502$lBLL01$h1329
=CAT  \\$aBATCH$b00$c20091122$lBLL01$h1201
=CAT  \\$aWR13_070$b00$c20130504$lBLL01$h0203
=FIN  \\$aY
=LEO  \\$aMP13.0000991177
=SRC  \\$aHSS01$bbibmp13.200404.2.ab
=LAS  \\$aWR13_070$b00$c20130504$lBLL01$h0203

