=LDR  01065 am a2200361ua 4500
=001  009533313
=003  Uk
=005  20091122120100.0
=008  971119s1981\\\\ge\\\\\||\\\\|||1\||lat\\
=FMT  \\$a  BK
=019  1\$ar6340761
=019  s\$aoagh19794
=040  \\$aUk$cUk
=082  04$a878 GRA
=100  1\$aGranius Licinianus,$dGaius.
=245  10$aGrani Liciniani reliquiae /$cedidit Nicola Criniti.
=260  \\$aLeipzig :$bTeubner,$c1981.
=300  \\$axxiii,49p.
=336  \\$atext$2rdacontent
=337  \\$aunmediated$2rdamedia
=338  \\$avolume$2rdacarrier
=490  0\$aBibliotheca scriptorum Graecorum et Romanorum Teubneriana
=504  \\$aIncludes bibliography.
=700  1\$aCriniti, Nicola.
=852  11$aBritish Library$bHMNTS$kHLR$h870$mGRA (TN)
=957  \\$a8202p
=CAT  \\$aCONV$b00$c20040425$lBLL90$h0847
=CAT  \\$aCONV$b00$c20040502$lBLL01$h1329
=CAT  \\$aBATCH$b00$c20091122$lBLL01$h1201
=FIN  \\$aY
=LEO  \\$aMP13.0001019389
=SRC  \\$aHSS01$bbibmp13.200404.2.ab
=LAS  \\$aBATCH$b00$c20091122$lBLL01$h1201

