=LDR  01472 am a2200433ua 4500
=001  009533315
=003  Uk
=005  20130504020300.0
=008  980318s1980\\\\ge\\\\\||\\\\|||1\||lat\\
=FMT  \\$a  BK
=019  1\$ar6340763
=019  s\$aoagh19800
=040  \\$aUk$cUk
=082  04$a878 VIC
=100  1\$aJulius Victor, C.$q(Gaius),$dactive 4th century.
=240  10$aArs rhetorica (Series)
=245  10$aC. Iulii Victoris Ars rhetorica /$cediderunt Remo Giomini, Maria Silvana Celentano.
=260  \\$aLeipzig :$bTeubner,$c1980.
=300  \\$axl,120p.
=336  \\$atext$2rdacontent
=337  \\$aunmediated$2rdamedia
=338  \\$avolume$2rdacarrier
=490  0\$aBibliotheca scriptorum Graecorum et Romanorum Teubneriana
=504  \\$aIncludes bibliography.
=700  1\$aGiomini, Remo.
=700  1\$aSilvana, Maria Silvana.
=886  2\$2ukmarc$a900$b10$aVictor$hC. Julius$kGaius Julius$c4th cent.$xSee$aJulius Victor, C. (Gaius),$x4th cent.$z100
=852  11$aBritish Library$bHMNTS$kHLR$h870$mVIC (TN)
=957  \\$a8103p
=985  \\$aRecord amended for WR# 13/070
=CAT  \\$aCONV$b00$c20040425$lBLL90$h0847
=CAT  \\$aCONV$b00$c20040502$lBLL01$h1329
=CAT  \\$aBATCH$b00$c20091122$lBLL01$h1201
=CAT  \\$aBATCH-UPD$b00$c20100806$lBLL01$h2041
=CAT  \\$aWR13_070$b00$c20130504$lBLL01$h0203
=FIN  \\$aY
=LEO  \\$aMP13.0001019391
=SRC  \\$aHSS01$bbibmp13.200404.2.ab
=LAS  \\$aWR13_070$b00$c20130504$lBLL01$h0203

