=LDR  01208 am a2200397ua 4500
=001  009533316
=003  Uk
=005  20130504020300.0
=008  971119s1976\\\\ge\\\\\||\\\\|||1\||ger\\
=FMT  \\$a  BK
=019  1\$ar6340764
=019  s\$aoagh19808
=040  \\$aUk$cUk
=082  04$a878 VIC
=100  1\$aVictorinus, Marius.
=240  10$aWorks.$kSelections
=245  00$aMarii Victorini Afri opera theologica /$cedidit Albrecht Locher.
=260  \\$aLeipzig :$bTeubner,$c1976.
=300  \\$axxxvi,214p.
=336  \\$atext$2rdacontent
=337  \\$aunmediated$2rdamedia
=338  \\$avolume$2rdacarrier
=490  0\$aBibliotheca scriptorum Graecorum et Romanorum Teubneriana
=504  \\$aIncludes bibliography.
=700  1\$aLocher, Albrecht.
=852  11$aBritish Library$bHMNTS$kHLR$h870$mVIC (TN)
=957  \\$a7705p
=985  \\$aRecord amended for WR# 13/070
=CAT  \\$aCONV$b00$c20040425$lBLL90$h0847
=CAT  \\$aCONV$b00$c20040502$lBLL01$h1329
=CAT  \\$aBATCH$b00$c20091122$lBLL01$h1201
=CAT  \\$aWR13_070$b00$c20130504$lBLL01$h0203
=FIN  \\$aY
=LEO  \\$aMP13.0001019392
=SRC  \\$aHSS01$bbibmp13.200404.2.ab
=LAS  \\$aWR13_070$b00$c20130504$lBLL01$h0203

