=LDR  01246 am a2200409ua 4500
=001  009533317
=003  Uk
=005  20100926212000.0
=008  971119s1985\\\\ge\\\\\||\\\\|||1\p|lat\\
=FMT  \\$a  BK
=019  1\$ar6340765
=019  s\$aoagh19766
=040  \\$aUk$cUk
=082  04$a871 CLA
=100  1\$aClaudianus, Claudius.
=240  10$aPoems
=245  10$aClaudii Claudiani Carmina /$cedidit John Barrie Hall.
=260  \\$aLeipzig :$bTeubner,$c1985.
=300  \\$axxviii,454p.
=336  \\$atext$2rdacontent
=337  \\$aunmediated$2rdamedia
=338  \\$avolume$2rdacarrier
=490  0\$aBibliotheca scriptorum Graecorum et Romanorum Teubneriana
=504  \\$aIncludes bibliography.
=700  1\$aHall, John Barrie.
=852  11$aBritish Library$bHMNTS$kHLR$h870$mCLA (TN)
=957  \\$a8508p
=CAT  \\$aCONV$b00$c20040425$lBLL90$h0847
=CAT  \\$aCONV$b00$c20040502$lBLL01$h1329
=CAT  \\$aBATCH-UPD$b00$c20080609$lBLL01$h2158
=CAT  \\$a12179$b40$c20090827$lBLL01$h1152
=CAT  \\$aBATCH$b00$c20091122$lBLL01$h1201
=CAT  \\$aBATCH-UPD$b00$c20100926$lBLL01$h2120
=FIN  \\$aY
=LEO  \\$aMP13.0001019393
=SRC  \\$aHSS01$bbibmp13.200404.2.ab
=LAS  \\$aBATCH-UPD$b00$c20100926$lBLL01$h2120

