=LDR  01163 am a2200385ua 4500
=001  009533318
=003  Uk
=005  20091122120100.0
=008  980318s1981\\\\ge\\\\\||\\\\|||1\d|lat\\
=FMT  \\$a  BK
=019  1\$ar6340766
=019  s\$aoagh19817
=040  \\$aUk$cUk
=082  04$a872 GET
=100  0\$aHosidius Geta.
=240  10$aMedea
=245  10$aHosidii Getae Medea :$bcento Vergilianus /$cedidit Rosa Lamacchia.
=260  \\$aLeipzig :$bTeubner,$c1981.
=300  \\$axxviii,31p.
=336  \\$atext$2rdacontent
=337  \\$aunmediated$2rdamedia
=338  \\$avolume$2rdacarrier
=490  0\$aBibliotheca scriptorum Graecorum et Romanorum Teubneriana
=504  \\$aIncludes bibliography.
=700  1\$aLamacchia, Rosa.
=886  2\$2ukmarc$a900$b10$aGeta$hHosidius$xSee$aHosidius Geta$z100
=852  11$aBritish Library$bHMNTS$kHLR$h870$mGET (TN)
=957  \\$a8410p
=CAT  \\$aCONV$b00$c20040425$lBLL90$h0847
=CAT  \\$aCONV$b00$c20040502$lBLL01$h1329
=CAT  \\$aBATCH$b00$c20091122$lBLL01$h1201
=FIN  \\$aY
=LEO  \\$aMP13.0001019394
=SRC  \\$aHSS01$bbibmp13.200404.2.ab
=LAS  \\$aBATCH$b00$c20091122$lBLL01$h1201

