=LDR  01615 am a2200445ua 4500
=001  009533319
=003  Uk
=005  20201124183712.0
=008  971119s1976\\\\ge\\\\\||\\\\||||\||ara\\
=FMT  \\$a  BK
=019  1\$ar6340768
=019  s\$aoagh19832
=040  \\$aUk$cUk
=041  0\$aara$aeng$bgrc$blat
=082  04$a133.5
=100  0\$aDorotheus,$cof Sidon.
=240  10$aCarmen astrologicum.$lArabic and English
=245  10$aDorothei Sidonii Carmen astrologicum :$binterpretationem Arabicam in linguam Anglicam versam una cum Dorothei fragmentis et Graecis et Latinis /$cedidit David Pingree.
=260  \\$aLeipzig :$bTeubner,$c1976.
=300  \\$axx,444p.
=336  \\$atext$2rdacontent
=337  \\$aunmediated$2rdamedia
=338  \\$avolume$2rdacarrier
=490  0\$aBibliotheca scriptorum Graecorum et Romanorum Teubneriana
=546  \\$aText in Arabic and English with additional fragments in Greek; editorial material in Latin.
=700  1\$aPingree, David,$d1933-2005.
=852  11$aBritish Library$bHMNTS$kHLR$h880$mDOR (TN)
=957  \\$a7703p
=985  \\$aUpgraded by BSS-generated file for WR2011-1473
=CAT  \\$aCONV$b00$c20040425$lBLL90$h0847
=CAT  \\$aCONV$b00$c20040502$lBLL01$h1329
=CAT  \\$a5194$b40$c20060804$lBLL01$h1500
=CAT  \\$aBATCH$b00$c20091122$lBLL01$h1201
=CAT  \\$a14633$b40$c20181210$lBLL01$h1105
=CAT  \\$aBATCH-UPD$b40$c20181210$lBLL01$h1105
=CAT  \\$aW2011-1473$b00$c20201124$lBLL01$h1837
=FIN  \\$aY
=LEO  \\$aMP13.0001019396
=SRC  \\$aHSS01$bbibmp13.200404.2.ab
=LAS  \\$aW2011-1473$b00$c20201124$lBLL01$h1837

