=LDR  01471 am a2200457ua 4500
=001  009533321
=003  Uk
=005  20160913074000.0
=008  980318s1981\\\\ge\\\\\||\\\\|||1\||grc\\
=FMT  \\$a  BK
=019  1\$ar6340770
=019  s\$aoagh19796
=040  \\$aUk$cUk
=041  0\$agrc$blat
=082  04$a881 DIA
=100  0\$aDiagoras$c(Of Melos)
=240  10$aFragments
=245  00$aDiagnorae Melii et Theodori Cyrenaei reliquiae /$cedidit Marcus Winiarczyk.
=260  \\$aLeipzig :$bTeubner,$c1981.
=300  \\$axxix,64p.
=336  \\$atext$2rdacontent
=337  \\$aunmediated$2rdamedia
=338  \\$avolume$2rdacarrier
=490  0\$aBibliotheca scriptorum Graecorum et Romanorum Teubneriae
=504  \\$aIncludes bibliography.
=546  \\$aIntroduction in Latin.
=700  0\$aTheodōros,$cho Atheos$kFragments.
=700  1\$aWiniarczyk, Marek.
=886  2\$2ukmarc$a900$b00$aTheodorus$fCyrenaeus$xSee$aTheodōrus,$xho Atheos$z700
=852  11$aBritish Library$bHMNTS$kHLR$h880$mDIA (TN)
=957  \\$a8202p
=CAT  \\$aCONV$b00$c20040425$lBLL90$h0847
=CAT  \\$aCONV$b00$c20040502$lBLL01$h1329
=CAT  \\$aBATCH-UPD$b00$c20081124$lBLL01$h2258
=CAT  \\$aBATCH$b00$c20091122$lBLL01$h1201
=CAT  \\$a5100$b40$c20160913$lBLL01$h0739
=CAT  \\$aBATCH-UPD$b40$c20160913$lBLL01$h0740
=FIN  \\$aY
=LEO  \\$aMP13.0001019398
=SRC  \\$aHSS01$bbibmp13.200404.2.ab
=LAS  \\$aBATCH-UPD$b40$c20160913$lBLL01$h0740

