=LDR  01172 am a2200397ua 4500
=001  009533322
=003  Uk
=005  20101218185800.0
=008  971119s1970\\\\ge\\\\\||\\\\||||\d|grc\\
=FMT  \\$a  BK
=019  1\$ar6340771
=019  s\$aoagh19803
=040  \\$aUk$cUk
=041  0\$agrc$blat
=082  04$a882 EUR
=100  0\$aEuripides.
=245  10$aTroades /$cEuripides ; edidit Werner Biehl.
=260  \\$aLeipzig :$bTeubner,$c1970.
=300  \\$axxvii,92p.
=336  \\$atext$2rdacontent
=337  \\$aunmediated$2rdamedia
=338  \\$avolume$2rdacarrier
=490  0\$aBibliotheca scriptorum Graecorum et Romanorum Teubneriana
=504  \\$aIncludes bibliography.
=546  \\$aIntroduction in Latin.
=700  1\$aBiehl, Werner,$cClassicist.
=852  11$aBritish Library$bHMNTS$kHLR$h880$mEUR (TN)
=957  \\$a7103p
=CAT  \\$aCONV$b00$c20040425$lBLL90$h0847
=CAT  \\$aCONV$b00$c20040502$lBLL01$h1329
=CAT  \\$aBATCH$b00$c20091122$lBLL01$h1201
=CAT  \\$aBATCH-UPD$b00$c20101218$lBLL01$h1858
=FIN  \\$aY
=LEO  \\$aMP13.0001019399
=SRC  \\$aHSS01$bbibmp13.200404.2.ab
=LAS  \\$aBATCH-UPD$b00$c20101218$lBLL01$h1858

