=LDR  01537 am a2200469ua 4500
=001  009533323
=003  Uk
=005  20130615213600.0
=008  971119s1885\\\\gw\\\\\||\\\\|||1\d|grc\\
=FMT  \\$a  BK
=019  1\$ar6340772
=019  s\$aoagh19789
=040  \\$aUk$cUk
=041  0\$agrc$blat
=082  04$a882 EUR
=100  0\$aEuripides.
=240  10$aWorks.$kSelections
=245  00$aEuripidis perditarum tragoediarum fragmenta /$citerum recensuit Augustus Nauck.
=260  \\$aLipside :$bin aedibus B.G. Teubneri,$c1885.
=300  \\$a332p.
=336  \\$atext$2rdacontent
=337  \\$aunmediated$2rdamedia
=338  \\$avolume$2rdacarrier
=490  0\$aEuripidis tragoediae / ex recensione Augusti Naucki ;$vvol. 3
=490  0\$aBibliotheca scriptorum Graecorum et Romanorum Teubneriana
=546  \\$aIntroductory material and notes in Latin.
=700  1\$aNauck, August.
=852  11$aBritish Library$bHMNTS$kHLR$h880$mEUR (TN)
=957  \\$a90(18)0303p
=960  0\$aLeipzig
=985  \\$aEnhanced by MS generated file for WR# 13/053
=985  \\$aRecord amended for WR# 13/070
=CAT  \\$aCONV$b00$c20040425$lBLL90$h0847
=CAT  \\$aCONV$b00$c20040502$lBLL01$h1329
=CAT  \\$aBATCH$b00$c20091122$lBLL01$h1201
=CAT  \\$aWR13.053$b00$c20130326$lBLL01$h1650
=CAT  \\$aWR13_070$b00$c20130504$lBLL01$h0203
=CAT  \\$aWR13_070C$c20130615$lBLL01$h2136
=FIN  \\$aY
=LEO  \\$aMP13.0001019400
=SRC  \\$aHSS01$bbibmp13.200404.2.ab
=LAS  \\$aWR13_070C$b00$c20130615$lBLL01$h2136

