=LDR  01767 am a2200457ua 4500
=001  009533324
=003  Uk
=005  20130615213600.0
=008  980318s1907\\\\gw\\\\\||\\\\|||1\||lat\\
=FMT  \\$a  BK
=019  1\$ar6340775
=019  s\$aoagh19772
=040  \\$aUk$cUk
=082  04$a871 OVI
=100  0\$aOvid,$d43 B.C.-17 A.D. or 18 A.D.
=240  10$aWorks.$kSelections
=245  10$aAmores, Epistulae, Medic. fac. fem. Ars amat. Remedia Amoris /$cP. Ovidius Naso ; ex Rudolphi Merkeli recognitione edidit R. Ehwald.
=250  \\$aEditio Stereotypa.
=260  \\$aLipsiae :$bin aedibus B.G. Teubneri,$c1907.
=300  \\$axli,287p.
=336  \\$atext$2rdacontent
=337  \\$aunmediated$2rdamedia
=338  \\$avolume$2rdacarrier
=490  0\$a[Works] / P. Ovidius Naso ;$vtom. 1
=490  0\$aBibliotheca scriptorum Graecorum et Romanorum Teubneriana
=700  1\$aEhwald, R.$q(Rudolf),$d1847-1927.
=700  1\$aMerkel, Rudolf,$d1811-1885.
=852  11$aBritish Library$bHMNTS$kHLR$h870$mOVI (TN)$3Other volumes from this set are placed separately and entered in the British Library Catalogue***Other volumes from this set are placed separately and entered in the British Library Catalogue
=957  \\$andd
=985  \\$aEnhanced by MS generated file for WR# 13/053
=985  \\$aRecord amended for WR# 13/070
=CAT  \\$aCONV$b00$c20040425$lBLL90$h0847
=CAT  \\$aCONV$b00$c20040502$lBLL01$h1329
=CAT  \\$aBATCH$b00$c20091122$lBLL01$h1201
=CAT  \\$aWR13.053$b00$c20130326$lBLL01$h1650
=CAT  \\$aWR13_070$b00$c20130504$lBLL01$h0203
=CAT  \\$aWR13_070C$c20130615$lBLL01$h2136
=FIN  \\$aY
=LEO  \\$aMP13.0001019403
=SRC  \\$aHSS01$bbibmp13.200404.2.ab
=LAS  \\$aWR13_070C$b00$c20130615$lBLL01$h2136

