=LDR  01501 am a2200457ua 4500
=001  009540292
=003  Uk
=005  20171116215500.0
=008  990326s1998\\\\enkc\\\||\\\\\000\||eng\\
=FMT  \\$a  BK
=015  \\$aGB9924730$2bnb
=019  y\$ab9924730
=019  9\$a0953495108
=019  1\$a0953495108
=019  s\$aoans03392
=020  \\$a0953495108 (spiral) :$cNo price
=039  0\$a2535
=040  \\$aUk$cUk
=082  04$a782.42092$221
=100  1\$aThompson, Allan L.$q(Allan Lord)
=245  10$aPaul Robeson :$bartist and activist : on records, radio and television /$cAllan L Thompson.
=260  \\$aWellingborough :$bAllan L. Thompson,$c1998.
=300  \\$a[152]p. :$bports. ;$c30 cm.
=336  \\$atext$2rdacontent
=337  \\$aunmediated$2rdamedia
=338  \\$avolume$2rdacarrier
=600  14$aRobeson, Paul,$d1898-1976$vDiscography.
=650  \0$aAfrican American actors$zUnited States$vDiscography.
=650  \0$aAfrican American singers$zUnited States$vDiscography.
=852  11$aBritish Library$bHMNTS$cSPHOA
=CAT  \\$aCONV$b00$c20040425$lBLL90$h0847
=CAT  \\$aCONV$b00$c20040502$lBLL01$h1329
=CAT  \\$aBATCH$b00$c20091122$lBLL01$h1204
=CAT  \\$aBATCH-UPD$b00$c20150319$lBLL01$h2034
=CAT  \\$aBATCH-UPD$b00$c20171116$lBLL01$h2155
=FIN  \\$aY
=LEO  \\$aMP5.0001781578
=LEO  \\$aMP13.0002277299
=SRC  \\$aBNB03$bbibmp5.200404.2.ad
=SRC  \\$aHSS01$bbibmp13.200404.2.ad
=LAS  \\$aBATCH-UPD$b00$c20171116$lBLL01$h2155

