=LDR  01274 am a2200409ua 4500
=001  009540409
=003  Uk
=005  20071002112941.0
=008  930818s1992\\\\xxu\\\\\\r\\\\000\0\eng\\
=FMT  \\$a  BK
=019  1\$a1561600210
=019  s\$aoasp01935
=020  \\$a1561600210
=040  \\$aUk$cUk
=245  00$aMartindale-Hubbell law directory.
=250  \\$a[124th annual ed.].
=260  \\$aNew Providence, NJ :$bMartindale-Hubbell,$cc1992.
=300  \\$av. ;$c28 cm.
=336  \\$atext$2rdacontent
=337  \\$aunmediated$2rdamedia
=338  \\$avolume$2rdacarrier
=650  \0$aLawyers$zUnited States$vDirectories.
=650  \0$aPatent lawyers$zUnited States$vDirectories.
=650  \0$aCourts$zUnited States$vDirectories.
=700  1\$aMartindale, James B.$q(James Boyd),$d1836-1904.
=700  1\$aHubbell, John Henry,$d1837-1906.
=710  2\$aAmerican Bar Association.
=852  11$aBritish Library$bHMNTS$cSPHOA
=957  \\$ap
=CAT  \\$aCONV$b00$c20040425$lBLL90$h0847
=CAT  \\$aCONV$b00$c20040502$lBLL01$h1329
=CAT  \\$a8874$b40$c20071002$lBLL01$h1129
=CAT  \\$aBATCH$b00$c20091122$lBLL01$h1204
=FIN  \\$aY
=LEO  \\$aMP13.0002294040
=SRC  \\$aHSS01$bbibmp13.200404.2.ad
=LAS  \\$aBATCH$b00$c20091122$lBLL01$h1204

