=LDR  01629 am a2200493ua 4500
=001  009541811
=003  Uk
=005  20121114100200.0
=008  940921s1993\\\\gw\\\\\||\\\\|||1\||lat\\
=FMT  \\$a  BK
=019  1\$a3815413699
=019  s\$aoagh19758
=020  \\$a3815413699
=040  \\$aUk$cUk
=041  1\$alat$hgrc
=082  04$a888 AES
=100  0\$aPseudo-Callisthenes.
=240  10$aBios Alexandrou.$lLatin
=245  10$aJuli Valeri Res gestae Alexandri Macedonis /$ctranslatae ex Aesopo Graeco ; adhibitis schedis Roberti Calderan edidit Michaela Rosellini.
=260  \\$aStutgardiae :$bTeubner,$c1993.
=300  \\$a220p.
=336  \\$atext$2rdacontent
=337  \\$aunmediated$2rdamedia
=338  \\$avolume$2rdacarrier
=490  0\$aBibliotheca scriptorum Graecorum et Romanorum Teubneriana
=504  \\$aIncludes bibliography.
=600  04$aAlexander,$cthe Great,$d356 B.C.-323 B.C.
=653  \\$aAncient Macedonia$aAlexander$athe Great, 356-323 B.C.
=700  0\$aJulius,$cValerius.
=700  1\$aCalderan, Roberto.
=700  1\$aRosellini, Michaela.
=886  2\$2ukmarc$a900$b00$aAesopus$fGraecus$xSee$aPseudo-Callisthenes$z100
=852  11$aBritish Library$bHMNTS$kHLR$h880$mAES (TN)
=957  \\$a9407p
=958  \\$a2048.d.5a
=960  0\$aStuttgart
=CAT  \\$aCONV$b00$c20040425$lBLL90$h0847
=CAT  \\$aCONV$b00$c20040502$lBLL01$h1329
=CAT  \\$aBATCH$b00$c20091122$lBLL01$h1204
=CAT  \\$aBATCH-UPD$b00$c20121114$lBLL01$h1002
=FIN  \\$aY
=LEO  \\$aMP13.0002581707
=SRC  \\$aHSS01$bbibmp13.200404.2.ae
=LAS  \\$aBATCH-UPD$b00$c20121114$lBLL01$h1002

