=LDR  01026 as a2200325ui 4500
=001  009547800
=003  Uk
=005  20091214052100.0
=008  760428d19669999|||||\p|||\\\|1\\\||eng\\
=FMT  \\$a  SE
=019  0\$as261514008
=040  \\$aUk$cUk
=084  \\$aNW 46$2blsrissc
=111  2\$aForum on Geology of Industrial Minerals.
=245  00$aProceedings - Forum on Geology of Industrial Minerals.
=260  \\$c1966-99.
=336  \\$atext$2rdacontent
=337  \\$aunmediated$2rdamedia
=338  \\$avolume$2rdacarrier
=852  71$aBritish Library$bSTI$2blsrissc$31966-1999; 1st, 1965-35th, 1999. ; Deficient: 16th, 1980
=CAT  \\$aCONV$b00$c20040425$lBLL90$h0853
=CAT  \\$aCONV$b00$c20040502$lBLL01$h1329
=CAT  \\$aglobal_upd$b40$c20060417$lBLL01$h1713
=CAT  \\$aBATCH$b00$c20091209$lBLL01$h0439
=CAT  \\$aBATCH$b00$c20091214$lBLL01$h0521
=FIN  \\$aY
=LEO  \\$aMP25.0000104894
=SRC  \\$aSRI01$bbibmp25.200404.2.aa
=TCO  \\$aZZZ$c008
=LAS  \\$aBATCH$b00$c20091214$lBLL01$h0521

