=LDR  01170 as a2200361ui 4500
=001  009553125
=003  Uk
=005  20091214052300.0
=008  760114c19649999|||h|\p|||\\\|1\\\||eng\\
=FMT  \\$a  SE
=019  0\$as274289008
=040  \\$aUk$cUk
=084  \\$aGV 90(S2)$2blsrissc
=111  2\$aInternational Conference on Sarcoidosis and Other Granulomatous Disorders.
=245  00$aInternational Conference on Sarcoidosis and other Granulomatous Disorders.
=260  \\$c1964-
=336  \\$atext$2rdacontent
=337  \\$aunmediated$2rdamedia
=338  \\$avolume$2rdacarrier
=500  \\$aPublisher varies.
=500  \\$aSize varies.
=852  71$aBritish Library$bSTI$2blsrissc$31964- ; 3rd, 1963; 6th, 1972-
=CAT  \\$aCONV$b00$c20040425$lBLL90$h0853
=CAT  \\$aCONV$b00$c20040502$lBLL01$h1330
=CAT  \\$aglobal_upd$b40$c20060417$lBLL01$h1714
=CAT  \\$aBATCH-UPD$b40$c20090209$lBLL01$h0859
=CAT  \\$aBATCH$b00$c20091209$lBLL01$h0441
=CAT  \\$aBATCH$b00$c20091214$lBLL01$h0523
=FIN  \\$aY
=LEO  \\$aMP25.0000111708
=SRC  \\$aSRI01$bbibmp25.200404.2.aa
=TCO  \\$aZZZ$c008
=LAS  \\$aBATCH$b00$c20091214$lBLL01$h0523

