=LDR  00968 am a2200301uu 4500
=001  009586533
=003  Uk
=005  20091214053200.0
=008  040419s1949\\\\sz\\\\\||\\\\\000\||fre\\
=FMT  \\$a  BK
=019  u\$aG10559586
=040  \\$aUk$cUk
=100  1\$aChapuis, Alfred.
=245  14$aLes Automates :$bFigures Artificielles D'Hommes et D'Animaux : Histoire et Technique /$cAlfred Chapuis.
=260  \\$aNeuchatel :$bEditions Du Griffon,$c1949.
=336  \\$atext$2rdacontent
=337  \\$aunmediated$2rdamedia
=338  \\$avolume$2rdacarrier
=852  41$aBritish Library$bDSC$qqx17/8289
=CAT  \\$aCONV$b00$c20040425$lBLL90$h0904
=CAT  \\$aCONV$b00$c20040502$lBLL01$h1330
=CAT  \\$aglobal_upd$b40$c20060417$lBLL01$h0826
=CAT  \\$aBATCH$b00$c20091209$lBLL01$h0449
=CAT  \\$aBATCH$b00$c20091214$lBLL01$h0532
=FIN  \\$aY
=LEO  \\$aMP34.0000124963
=SRC  \\$aUCB01$bbibmp34.200404.2.aa
=LAS  \\$aBATCH$b00$c20091214$lBLL01$h0532

