=LDR  01328 am a22003853u 4500
=001  009689443
=003  Uk
=005  20060417085300.0
=008  750812s1975\\\\enk\\\\||\\\\\000\||eng\\
=FMT  \\$a  BK
=015  \\$aGB7519070$2bnb
=019  y\$aB7519070
=019  9\$a0703200259
=020  \\$a0703200259 (sd) :$c£1.00
=040  \\$aUk$cUk
=082  04$a770/.284$218
=110  2\$aPrinting and Publishing Industry Training Board.
=245  10$aMounting and finishing /$cPrinting and Publishing Industry Training Board.
=260  \\$aLondon (Merit House, Edgware Rd, NW9 5AG) :$bThe Board,$c[1975]
=300  \\$a[2],12p. ;$c30cm.
=336  \\$atext$2rdacontent
=337  \\$aunmediated$2rdamedia
=338  \\$avolume$2rdacarrier
=490  1\$aUnit of photographic training
=650  \0$aPhotographs$xTrimming, mounting, etc.$xHandbooks, manuals, etc.
=653  \\$aPhotographic prints$aMounting$aManuals$aFor printing & publishing industries
=830  \0$aUnits of photographic training.
=852  41$aBritish Library$bDSC$mf75/34313
=CAT  \\$aCONV$b00$c20040425$lBLL90$h0527
=CAT  \\$aCONV$b00$c20040502$lBLL01$h1336
=CAT  \\$aglobal_upd$b40$c20060417$lBLL01$h0853
=FIN  \\$aY
=LEO  \\$aMP3.0000106675
=SRC  \\$aBNB02$bbibmp3.200404.2.aa
=LAS  \\$aglobal_upd$b40$c20060417$lBLL01$h0853

