=LDR  01479 am a2200481 a 4500
=001  009721061
=003  Uk
=005  20041215105424.0
=008  020424s2002\\\\enka\\\||\\\\\000\||eng\\
=FMT  \\$a  BK
=015  \\$aGBA229714$2bnb
=019  y\$abA229714
=019  9\$a1903079918
=019  0\$as676214002
=020  \\$a1903079918 (spiral) :$c£895
=039  0\$a2689
=040  \\$aUk$cUk
=082  04$a381.1420941$221
=084  \\$aAL 6404$2blsrissc
=245  00$aHome shopping in Europe.$pUK.
=260  \\$aLondon :$bMintel International Group,$c2002.
=300  \\$a231 p. :$bill. ;$c30 cm.
=336  \\$atext$2rdacontent
=337  \\$aunmediated$2rdamedia
=338  \\$avolume$2rdacarrier
=650  \0$aTeleshopping$zGreat Britain.
=650  \0$aMail-order business$zGreat Britain.
=650  \0$aMarket surveys$zGreat Britain.
=710  2\$aRetail Intelligence (Firm)
=710  2\$aMintel International Group Ltd.
=852  71$aBritish Library$bSTI$cRES$k(XB)$2blsrissc
=985  \\$aRecord merged by DQ Team
=CAT  \\$aCONV$b00$c20040425$lBLL90$h0543
=CAT  \\$aCONV$b00$c20040502$lBLL01$h1337
=CAT  \\$a8874$b40$c20041215$lBLL01$h1054
=CAT  \\$aUE-01$b00$c20050929$lBLL01$h1503
=CAT  \\$aBATCH$b00$c20091122$lBLL01$h1216
=FIN  \\$aY
=LEO  \\$aMP5.0000462132
=LEO  \\$aMP25SBR.0000000389
=SRC  \\$aSTI01$bbibmp25r.200404.2.aa
=SRC  \\$aBNB03$bbibmp5.200404.2.aa
=LAS  \\$aBATCH$b00$c20091122$lBLL01$h1216

