=LDR  01959 am a2200529 a 4500
=001  009763865
=003  Uk
=005  20120126091021.0
=008  040425s1980\\\\my\ab\\\\\\\\\100\0\eng\\
=FMT  \\$a  BK
=019  a\$aG00249462
=019  a\$aG00806393
=040  \\$aUk$cUk$dUk
=082  00$a333.70913$219
=091  \\$ac8201386i
=111  2\$aInternational Symposium of Tropical Ecology$n(5th :$d1979 :$cKuala Lumpur, Malaysia)
=CNF  \\$aTropical Ecology and Development$d(1979 APR :$cKuala Lumpur)
=245  10$aTropical ecology and development :$bproceedings of the Vth International Symposium of Tropical Ecology, 16-21 April 1979, Kuala Lumpur, Malaysia /$cedited by J.I. Furtado.
=260  \\$aKuala Lumpur :$bInternational Society of Tropical Ecology,$c1980.
=300  \\$a2 v. :$bill., maps ;$c25 cm.
=336  \\$atext$2rdacontent
=337  \\$aunmediated$2rdamedia
=338  \\$avolume$2rdacarrier
=504  \\$aIncludes bibliographies.
=650  \0$aEcology$zTropics$xCongresses.
=650  \0$aNatural resources$zTropics$xManagement$xCongresses.
=700  1\$aFurtado, J. I.
=710  2\$aInternational Society for Tropical Ecology.
=852  41$aBritish Library$bDSC$iv. 1
=852  41$aBritish Library$bDSC$iv. 2
=985  \\$aRecord merged by DQ team
=CAT  \\$aCONV$b00$c20040425$lBLL90$h0632
=CAT  \\$aCONV$b00$c20040502$lBLL01$h1338
=CAT  \\$aglobal_upd$b40$c20060417$lBLL01$h0904
=CAT  \\$aUCB-HOL$b00$c20070921$lBLL01$h1613
=CAT  \\$aBATCH$b00$c20070921$lBLL01$h1917
=CAT  \\$aBATCH$b00$c20071123$lBLL01$h0111
=CAT  \\$aBATCH$b00$c20091209$lBLL01$h2253
=CAT  \\$a9668$b40$c20100218$lBLL01$h1418
=CAT  \\$a9668$b40$c20100218$lBLL01$h1422
=CAT  \\$a8874$b40$c20120126$lBLL01$h0910
=FIN  \\$aY
=LEO  \\$aMP8.0000081455
=LEO  \\$aMP8.0000403512
=SRC  \\$aDSC01$bbibmp8.200404.2.aa
=SRC  \\$aUCB 2007
=LAS  \\$a8874$b40$c20120126$lBLL01$h0910

