=LDR  01543 am a22004333u 4500
=001  009811289
=003  Uk
=005  20201124183825.0
=008  000807s1999\\\\fr\ab\\||\\\\\000\||eng\\
=FMT  \\$a  BK
=019  g\$aadv5000818946
=019  a\$aG07002264
=020  \\$c(pbk.)
=040  \\$aUk$cUk
=041  0\$aeng$bfre$brus
=245  00$aSurveillance of tuberculosis in Europe :$breport on tuberculosis cases notified in 1997 /$cEuroTB ; [report prepared by Valérie Schwoebel ...[et al.]].
=260  \\$aSaint-Maurice :$bCESES,$c1999.
=300  \\$a95p. :$bill.(some col.), maps(some col.) ;$c30cm.
=336  \\$atext$2rdacontent
=337  \\$aunmediated$2rdamedia
=338  \\$avolume$2rdacarrier
=546  \\$aText in English, with summaries in French and Russian.
=700  1\$aSchwoebel, Valérie.
=710  2\$aEuroTB.
=710  2\$aEuropean Centre for the Epidemiological Monitoring of AIDS.
=852  41$aBritish Library$bDSC$i8548.392
=945  \\$aSurveillance of tuberculosis in europe
=966  \\$lSPACQ 07/07/2000
=985  \\$aUpgraded by BSS-generated file for WR2011-1473
=CAT  \\$aCONV$b00$c20040425$lBLL90$h0651
=CAT  \\$aCONV$b00$c20040502$lBLL01$h1339
=CAT  \\$aglobal_upd$b40$c20060417$lBLL01$h0919
=CAT  \\$aBATCH$b00$c20091209$lBLL01$h2322
=CAT  \\$aW2011-1473$b00$c20201124$lBLL01$h1838
=CAT  \\$aBATCH-UPD$b00$c20201125$lBLL01$h0520
=FIN  \\$aY
=LEO  \\$aMP8.0001641439
=SRC  \\$aDSC01$bbibmp8.200404.2.ac
=LAS  \\$aBATCH-UPD$b00$c20201125$lBLL01$h0520

