=LDR  01790cam a22005293u 4500
=001  009812042
=003  Uk
=005  20230331162154.0
=008  010115s2000\\\\enk\\\\||\\\\\000\||eng\\
=FMT  \\$a  BK
=019  g\$aadv5001289998
=019  a\$aG07006779
=020  \\$a0415236223 :$c£65.00
=040  \\$aStDuBDS$dUk
=082  04$a301$221
=100  1\$aCreaven, Sean.
=245  10$aMarxism and realism :$ba materialistic application of realism in the social sciences /$cSean Creaven.
=260  \\$aLondon :$bRoutledge,$c2000.
=300  \\$a384p. ;$c24cm.
=336  \\$atext$2rdacontent
=337  \\$aunmediated$2rdamedia
=338  \\$avolume$2rdacarrier
=500  \\$aIncludes index.
=504  \\$aBibliography.
=598  \\$aPROV.RECORD
=540  \\$aCurrent Copyright Fee: GBP34.00$c0$5Uk
=650  \0$aMarxian school of sociology.
=650  \0$aRealism.
=830  \0$aRoutledge studies in critical realism ;$v1.
=852  41$aBritish Library$bDSC$i8026.51927
=916  \\$a100=NOTNAL
=945  \\$aRoutledge studies in critical realism ; v 1
=966  \\$lACQUIS 28/12/2000
=CAT  \\$aCONV$b00$c20040425$lBLL90$h0651
=CAT  \\$aCONV$b00$c20040502$lBLL01$h1339
=CAT  \\$aglobal_upd$b40$c20060417$lBLL01$h0920
=CAT  \\$aBATCH$b00$c20091209$lBLL01$h2322
=CAT  \\$aBATCH-CLAB$c20220330$lBLL01$h1756
=CAT  \\$aIPL-CLA$c20220331$lBLL01$h2151
=CAT  \\$aBATCH-CLAB$c20230324$lBLL01$h1412
=CAT  \\$aIPL-CLA$c20230331$lBLL01$h1621
=CFI  0\$aCurrent Copyright Fee: GBP34.00$c0$e01-apr-2023$fGBP34.00$g0$hC$5Uk
=CFI  2\$aPrevious Copyright Fee: GBP28.00$c0$e01-apr-2022$fGBP28.00$g0$hC$5Uk
=FIN  \\$aY
=LEO  \\$aMP8.0001643440
=SRC  \\$aDSC01$bbibmp8.200404.2.ac
=LAS  \\$aIPL-CLA$b00$c20230331$lBLL01$h1621

