=LDR  01532 am a22004933u 4500
=001  009823400
=003  Uk
=005  20130505113000.0
=008  \\\\\\|2000\\\\|||\\\\||\\\\o0||\||eng\\
=FMT  \\$a  BK
=019  8\$angb200025160
=019  a\$aG07091398
=040  \\$aUk$cUk
=072  \7$a05R$2sigle
=072  \7$a05A$2sigle
=082  04$a301$222
=082  04$a361$222
=082  04$a658$222
=110  1\$aGreat Britain.$bDepartment of Health.
=245  00$aIndex, sources and derivation of key indicators of local authority social services.
=260  \\$bGreat Britain, Department of Health,$c2000.
=336  \\$atext$2rdacontent
=337  \\$aunmediated$2rdamedia
=338  \\$avolume$2rdacarrier
=653  \\$aSociology
=653  \\$aManagement & business studies
=650  \0$aHuman services
=650  \0$aManagement
=650  \0$aSociology
=852  41$aBritish Library$bDSC$i4386.60
=945  \\$aIce abstracts ; October 2000
=985  \\$aRecord amended for WR# 13/070
=CAT  \\$aCONV$b00$c20040425$lBLL90$h0652
=CAT  \\$aCONV$b00$c20040502$lBLL01$h1340
=CAT  \\$aUE-01$b00$c20050120$lBLL01$h1736
=CAT  \\$aglobal_upd$b40$c20060417$lBLL01$h0924
=CAT  \\$asigle_ddc$b40$c20070409$lBLL01$h1946
=CAT  \\$aBATCH$b00$c20091209$lBLL01$h2328
=CAT  \\$aWR13_070$b00$c20130504$lBLL01$h0205
=CAT  \\$aBATCH-UPD$b00$c20130505$lBLL01$h1130
=FIN  \\$aY
=LEO  \\$aMP8.0001673585
=SRC  \\$aDSC01$bbibmp8.200404.2.ac
=LAS  \\$aBATCH-UPD$b00$c20130505$lBLL01$h1130

