=LDR  01544 as a2200445 a 4500
=001  007211036
=003  Uk
=005  20040930105841.0
=008  040417c20049999enkuu\p\\\\\\\0\\\a0eng\\
=FMT  \\$a  SE
=040  \\$aUk$beng$cUk
=082  04$a338.762$222
=130  0\$aIn touch (AMEC)
=245  10$aIn touch.
=260  \\$a[Great Britain] :$bAMEC,$c2004-
=300  \\$av. :$bill. (some col.), ports. (some col.) ;$c31 cm.
=336  \\$atext$2rdacontent
=337  \\$aunmediated$2rdamedia
=338  \\$avolume$2rdacarrier
=362  0\$aIssue 1 (2004)-
=610  20$aWorkshop on Agent-Mediated Electronic Commerce$vPeriodicals.
=710  2\$aWorkshop on Agent-Mediated Electronic Commerce.
=780  00$aAMEC$tAMEC times
=852  11$aBritish Library$bSTI$cBIPC$kBIPC Trade Literature Collection
=985  \\$aNew 710. Please add 042 ukblsr
=A02  \\$a3025908$z0
=CAT  \\$aCONV$b00$c20040425$lBLL90$h0713
=CAT  \\$aCONV$b00$c20040502$lBLL01$h1212
=CAT  \\$a11313$b40$c20040930$lBLL01$h1052
=CAT  \\$a11313$b40$c20040930$lBLL01$h1057
=CAT  \\$a11313$b40$c20040930$lBLL01$h1058
=CAT  \\$aBATCH-UPD$b40$c20060918$lBLL01$h2218
=CAT  \\$aBATCH-UPD$b40$c20061008$lBLL01$h1821
=CAT  \\$aBATCH$b00$c20091207$lBLL01$h0422
=CAT  \\$aBATCH$b00$c20091214$lBLL01$h0228
=CAT  \\$aBATCH$b00$c20091216$lBLL01$h0046
=LKR  \\$aPAR$b007890885$lBLL01$r78000$mIn touch.$nAMEC times.
=SRC  \\$aDSS04$bbibld.200404.2.aa
=TCO  \\$aCLA$bCLA$c008
=LAS  \\$aBATCH$b00$c20091216$lBLL01$h0046

