=LDR  01722cas a2200481 a 4500
=001  007213048
=003  Uk
=005  20041007164140.0
=008  040417c200u9999enkuu\p\\\\\\\0\\\a0eng\\
=FMT  \\$a  SE
=015  \\$aGBA458905$2bnb
=040  \\$aUk$beng$cUk
=042  \\$aukblsr
=082  04$a338.763596420284$222
=110  2\$aCampey Turf Care Systems.
=245  10$aCampey news :$bBritain's number one turf care newsletter.
=246  3\$aCampey Turf Care Systems news
=260  \\$aMacclesfield (Marton, Macclesfield, Cheshire SK11 9HG) :$bCampey.
=300  \\$av. :$bcol. ill., col. ports. ;$c30 cm.
=336  \\$atext$2rdacontent
=337  \\$aunmediated$2rdamedia
=338  \\$avolume$2rdacarrier
=500  \\$aDescription based on: Issue 4 (2004)
=610  20$aCampey Turf Care Systems$vPeriodicals.
=650  \0$aTurf management$zGreat Britain$xEquipment and supplies$vPeriodicals.
=690  7\$aManagement and Business Studies$2blcoll
=852  11$aBritish Library$bSTI$cBIPC$kBIPC Trade Literature Collection
=A02  \\$a3025911$z0
=CAT  \\$aCONV$b00$c20040425$lBLL90$h0713
=CAT  \\$aCONV$b00$c20040502$lBLL01$h1212
=CAT  \\$a8323$b40$c20040816$lBLL01$h0934
=CAT  \\$a9572$b40$c20041007$lBLL01$h1641
=CAT  \\$aUE-01$b00$c20041007$lBLL01$h1653
=CAT  \\$aBATCH$b00$c20091207$lBLL01$h0422
=CAT  \\$aBATCH$b00$c20091214$lBLL01$h0228
=CAT  \\$aBATCH$b00$c20091216$lBLL01$h0047
=CAT  \\$aWR14_140$c20140905$lBLL01$h1715
=CAT  \\$aBATCH-UPD$b00$c20151017$lBLL01$h2007
=CAT  \\$aBATCH-MBS$c20161028$lBLL01$h2114
=FIN  \\$aY
=SRC  \\$aDSS04$bbibld.200404.2.aa
=TCO  \\$aCLA$bCLA$c008
=LAS  \\$aBATCH-MBS$b00$c20161028$lBLL01$h2114

