=LDR  01461 am a2200373ua 4500
=001  007341605
=003  Uk
=005  20200826120608.0
=008  020918s1945\\\\mx\\\\\||\\\\\000\||spa\\
=FMT  \\$a  BK
=019  1\$awel20834
=040  \\$aUk$cUk$dUk
=100  1\$aEspinosa, Isidro Félix de,$d1679-1755.
=245  10$aCrónica de la provincia franciscana de los apóstoles san Pedro y san Pablo de Michoacán /$cescrita por el r. p. fr. Isidro Félix de Espinosa, O.F.M.
=250  \\$a2. e. ampliamente mejorada e ilustrada, Apuntamientos bio-bibliográficos por el dr. Nicolás León, prólogo y notas de José Ignacio Dávila Garibi.
=260  \\$aMéxico, D.F. :$b"Editorial Santiago",$c1945.
=300  \\$axii, 532 p. ;$c24 cm.
=336  \\$atext$2rdacontent
=337  \\$aunmediated$2rdamedia
=338  \\$avolume$2rdacarrier
=651  \0$aMichoacán de Ocampo (Mexico)$xHistory.
=700  1\$aDávila Garibi, José Ignacio Paulino,$d1888-
=700  1\$aLeón, Nicolás,$d1859-1929.
=852  41$aBritish Library$bHMNTS$iYA.2002.a.4376
=957  \\$a000000x
=CAT  \\$aCONV$b00$c20040425$lBLL90$h0755
=CAT  \\$aCONV$b00$c20040502$lBLL01$h1216
=CAT  \\$aBATCH$b00$c20091118$lBLL01$h2343
=CAT  \\$aBATCH-UPD$b00$c20200113$lBLL01$h2021
=CAT  \\$a6550$b40$c20200826$lBLL01$h1206
=FIN  \\$aY
=LEO  \\$aMP13.0001270162
=SRC  \\$aHSS01$bbibmp13.200404.2.ac
=LAS  \\$a6550$b40$c20200826$lBLL01$h1206

