=LDR  01470 am a2200469ua 4500
=001  007437452
=003  Uk
=005  20091119003600.0
=008  970116s1996\\\\enk\\\\||r\\\\001\||eng\\
=FMT  \\$a  BK
=015  \\$aGB9706898$2bnb
=019  y\$ab9706898
=019  9\$a0906247667
=019  1\$a0906247667
=020  \\$a0906247667 :$c£95.00
=039  0\$a2425
=040  \\$aUk$cUk
=082  04$a332.67254025$221
=100  1\$aPhilipp, Alan.
=245  10$aPension funds and their advisers 1996 /$c[compiled and edited by Alan Philipp].
=250  \\$a19th ed.
=260  \\$aLondon :$bAP Information Services,$c1996.
=300  \\$a959p. ;$c22cm.
=336  \\$atext$2rdacontent
=337  \\$aunmediated$2rdamedia
=338  \\$avolume$2rdacarrier
=500  \\$aIncludes index.
=650  \0$aPension trusts$xInvestments$xDirectories.
=650  \0$aInvestment advisors$xDirectories.
=690  7\$aManagement and Business Studies$2blcoll
=710  2\$aA.P. Information Services.
=852  41$aBritish Library$bHMNTS$kOPL$h332.6725$qCopy at OPL 332.6725. Missing
=CAT  \\$aCONV$b00$c20040425$lBLL90$h0826
=CAT  \\$aCONV$b00$c20040502$lBLL01$h1220
=CAT  \\$aBATCH$b00$c20090520$lBLL01$h0108
=CAT  \\$aBATCH$b00$c20091119$lBLL01$h0036
=FIN  \\$aY
=LEO  \\$aMP5.0001314782
=LEO  \\$aMP13.0002199934
=SRC  \\$aBNB03$bbibmp5.200404.2.ac
=SRC  \\$aHSS01$bbibmp13.200404.2.ad
=LAS  \\$aBATCH$b00$c20091119$lBLL01$h0036

