=LDR  01332 as a2200409ua 4500
=001  007512896
=003  Uk
=005  20070717150022.0
=008  841106c1967\\\\enk\|\p|||\\\|1\\\||eng\\
=FMT  \\$a  SE
=019  0\$as137453000
=040  \\$aUk$cUk
=084  \\$aQR 830$2blsrissc
=084  \\$aKF 57(G1)$2blsrissc
=111  2\$aSymposium on Photographic Gelatin.
=245  00$aSymposium on Photographic Gelatin.
=260  \\$aLondon :$bAcademic Press,$c1967-
=300  \\$c23 cm.
=336  \\$atext$2rdacontent
=337  \\$aunmediated$2rdamedia
=338  \\$avolume$2rdacarrier
=500  \\$aOrganised by the Scientific and Technical Group of the Royal Photographic Society.
=500  \\$aPublisher varies.
=515  \\$a4th, 1979, not published.
=710  2\$aRoyal Photographic Society of Great Britain.$bScientific and Technical Group.
=852  71$aBritish Library$bSTI$2blsrissc$31967- ; 1st, 1967-
=968  \\$aC
=CAT  \\$aCONV$b00$c20040425$lBLL90$h0852
=CAT  \\$aCONV$b00$c20040502$lBLL01$h1222
=CAT  \\$a11249$b40$c20070717$lBLL01$h1500
=CAT  \\$a8964$b40$c20090708$lBLL01$h1136
=CAT  \\$aBATCH$b00$c20091119$lBLL01$h0116
=FIN  \\$aY
=LEO  \\$aMP25.0000038750
=SRC  \\$aSRI01$bbibmp25.200404.2.aa
=TCO  \\$aCLA$bCLA$c008
=LAS  \\$aBATCH$b00$c20091119$lBLL01$h0116

