=LDR  00963 as a2200337ua 4500
=001  007513748
=003  Uk
=005  20091119011600.0
=008  841030c1969\\\\vp\g|\p|||\\\|1\\\||eng\\
=FMT  \\$a  SE
=019  0\$as138462003
=040  \\$aUk$cUk
=084  \\$aSF 43$2blsrissc
=111  2\$aInternational Shock Tube Symposium.
=245  00$aInternational Shock Tube Symposium.
=260  \\$c1969-
=336  \\$atext$2rdacontent
=337  \\$aunmediated$2rdamedia
=338  \\$avolume$2rdacarrier
=500  \\$aPublisher varies.
=500  \\$aSize varies.
=852  71$aBritish Library$bSTI$2blsrissc$31969- ; 6th, 1967- ; Deficient: 13th, 1981
=968  \\$bX
=CAT  \\$aCONV$b00$c20040425$lBLL90$h0852
=CAT  \\$aCONV$b00$c20040502$lBLL01$h1222
=CAT  \\$aBATCH$b00$c20091119$lBLL01$h0116
=FIN  \\$aY
=LEO  \\$aMP25.0000039640
=SRC  \\$aSRI01$bbibmp25.200404.2.aa
=TCO  \\$aXXX$c008
=LAS  \\$aBATCH$b00$c20091119$lBLL01$h0116

