=LDR  01111 as a2200337ui 4500
=001  007514204
=003  Uk
=005  20091214025700.0
=008  760407c19699999|||||\p|||\\\|1\\\||eng\\
=FMT  \\$a  SE
=019  0\$as138982007
=040  \\$aUk$cUk
=084  \\$aKX 80$2blsrissc
=111  2\$aInternational Symposium on Organic Solid State Chemistry.
=245  00$aInternational Symposium on Organic Solid-State Chemistry [proceedings].
=260  \\$c1969-
=336  \\$atext$2rdacontent
=337  \\$aunmediated$2rdamedia
=338  \\$avolume$2rdacarrier
=886  2\$2blmarc$a989$b00$aFor details of separate conferences see Author Catalogue
=852  71$aBritish Library$bSTI$2blsrissc$31969- ; [1st], 1968-
=CAT  \\$aCONV$b00$c20040425$lBLL90$h0852
=CAT  \\$aCONV$b00$c20040502$lBLL01$h1222
=CAT  \\$aglobal_upd$b40$c20060417$lBLL01$h1608
=CAT  \\$aBATCH$b00$c20091207$lBLL01$h0453
=CAT  \\$aBATCH$b00$c20091214$lBLL01$h0257
=FIN  \\$aY
=LEO  \\$aMP25.0000040127
=SRC  \\$aSRI01$bbibmp25.200404.2.aa
=TCO  \\$aZZZ$c008
=LAS  \\$aBATCH$b00$c20091214$lBLL01$h0257

