=LDR  01371 as a2200397ua 4500
=001  007515921
=003  Uk
=005  20091119011600.0
=008  841106d1967\\\\vp\\|\p|||\\\|1\\\||mul\\
=FMT  \\$a  SE
=019  0\$as141003006
=040  \\$aUk$cUk
=084  \\$aNC 29$2blsrissc
=084  \\$aN 71$2blsrissc
=111  2\$aInternational Conference on the Properties of Liquid Metals.
=245  00$aInternational Conference on the Properties of Liquid Metals.
=260  \\$c1967-77.
=336  \\$atext$2rdacontent
=337  \\$aunmediated$2rdamedia
=338  \\$avolume$2rdacarrier
=500  \\$aPublisher varies.
=500  \\$aSize varies.
=515  \\$aConference numbering begins with 2nd, 1972.
=580  \\$aContinued as "International Conference on Liquid and Amorphous Metals. Proceedings ... ", q.v.
=886  2\$2blmarc$a029$b00$aS141003057
=852  71$aBritish Library$bSTI$2blsrissc$31967-1976; [1st], 1966 - 3rd, 1976
=968  \\$aC
=CAT  \\$aCONV$b00$c20040425$lBLL90$h0852
=CAT  \\$aCONV$b00$c20040502$lBLL01$h1222
=CAT  \\$aBATCH$b00$c20091119$lBLL01$h0116
=FIN  \\$aY
=LEO  \\$aMP25.0000042088
=SRC  \\$aSRI01$bbibmp25.200404.2.aa
=SSD  \\$a50300{dollar}aContinued as "International Conference on Liquid and Amorphous Metals. Proceedings ... ", q.v
=TCO  \\$aXXX$c008
=LAS  \\$aBATCH$b00$c20091119$lBLL01$h0116

