=LDR  01275 as a2200373ua 4500
=001  007515924
=003  Uk
=005  20091119011600.0
=008  851001d1980\\\\vp\\|\p|||\\\|1\\\||eng\\
=FMT  \\$a  SE
=019  0\$as141003057
=040  \\$aUk$cUk
=084  \\$aNC 29$2blsrissc
=084  \\$aN 71$2blsrissc
=111  2\$aInternational Conference on Liquid and Amorphous Metals.
=245  00$aProceedings of the ... International Conference on Liquid and Amorphous Metals.
=260  \\$c1980-1986.
=336  \\$atext$2rdacontent
=337  \\$aunmediated$2rdamedia
=338  \\$avolume$2rdacarrier
=500  \\$aPublisher varies.
=580  \\$aContinuation of "International Conference on the Properties of Liquid Metals", q.v.
=886  2\$2blmarc$a029$b00$aS141003006
=852  71$aBritish Library$bSTI$2blsrissc$31980-1986; 4th, 1980 - 6th, 1986
=968  \\$bX
=CAT  \\$aCONV$b00$c20040425$lBLL90$h0852
=CAT  \\$aCONV$b00$c20040502$lBLL01$h1222
=CAT  \\$aBATCH$b00$c20091119$lBLL01$h0116
=FIN  \\$aY
=LEO  \\$aMP25.0000042093
=SRC  \\$aSRI01$bbibmp25.200404.2.aa
=SSD  \\$a50300{dollar}aContinuation of "International Conference on the Properties of Liquid Metals", q.v
=TCO  \\$aXXX$c008
=LAS  \\$aBATCH$b00$c20091119$lBLL01$h0116

