=LDR  01199 as a2200373ui 4500
=001  007516661
=003  Uk
=005  20091214025800.0
=008  761103d19709999|||gr\p|||\\\|1\\\|||||\\
=FMT  \\$a  SE
=019  0\$as142019003
=040  \\$aUk$cUk
=084  \\$aJE 72$2blsrissc
=111  2\$aInternational Conference on Atomic Spectroscopy.
=245  00$aInternational Conference on Atomic Spectroscopy [papers, etc.].
=260  \\$c1970-82.
=310  \\$aEvery two years
=336  \\$atext$2rdacontent
=337  \\$aunmediated$2rdamedia
=338  \\$avolume$2rdacarrier
=500  \\$aSize varies.
=500  \\$aTitles of individual conferences vary.
=515  \\$a4th, 1973, not published.
=852  71$aBritish Library$bSTI$2blsrissc$31970-1982; 2nd, 1969-9th, 1981. ; Deficient: 6th, 1976
=CAT  \\$aCONV$b00$c20040425$lBLL90$h0852
=CAT  \\$aCONV$b00$c20040502$lBLL01$h1222
=CAT  \\$aglobal_upd$b40$c20060417$lBLL01$h1609
=CAT  \\$aBATCH$b00$c20091207$lBLL01$h0454
=CAT  \\$aBATCH$b00$c20091214$lBLL01$h0258
=FIN  \\$aY
=LEO  \\$aMP25.0000042983
=SRC  \\$aSRI01$bbibmp25.200404.2.aa
=TCO  \\$aZZZ$c008
=LAS  \\$aBATCH$b00$c20091214$lBLL01$h0258

