=LDR  01352 as a2200397ui 4500
=001  007518196
=003  Uk
=005  20091214025800.0
=008  800923d19729999ja\\|\p|||\\\|1\\\||eng\\
=FMT  \\$a  SE
=019  0\$as144149001
=040  \\$aUk$cUk
=084  \\$aQV 44$2blsrissc
=111  2\$aInternational Colloquium on Magnetic Thin Films.
=245  00$aInternational Colloquium on Magnetic Thin Films.
=260  \\$c1972-76.
=336  \\$atext$2rdacontent
=337  \\$aunmediated$2rdamedia
=338  \\$avolume$2rdacarrier
=500  \\$aPublisher varies.
=500  \\$aSize varies.
=580  \\$aContinued as "International Colloquium on Magnetic Films and Surfaces", q.v.
=886  2\$2blmarc$a029$b00$aS144149052
=852  71$aBritish Library$bSTI$2blsrissc$31972-1976; 5th, 1972 - 7th, 1975. ; Deficient: 8th, 1976
=968  \\$aC
=CAT  \\$aCONV$b00$c20040425$lBLL90$h0852
=CAT  \\$aCONV$b00$c20040502$lBLL01$h1222
=CAT  \\$aglobal_upd$b40$c20060417$lBLL01$h1609
=CAT  \\$aBATCH$b00$c20091207$lBLL01$h0454
=CAT  \\$aBATCH$b00$c20091214$lBLL01$h0258
=FIN  \\$aY
=LEO  \\$aMP25.0000045029
=SRC  \\$aSRI01$bbibmp25.200404.2.aa
=SSD  \\$a50300{dollar}aContinued as "International Colloquium on Magnetic Films and Surfaces", q.v
=TCO  \\$aJPN$bJAACC$c008
=LAS  \\$aBATCH$b00$c20091214$lBLL01$h0258

