=LDR  01272 as a2200385ua 4500
=001  007518199
=003  Uk
=005  20091119011700.0
=008  840918d19821988vp\\|\p|||\\\|1\\\||eng\\
=FMT  \\$a  SE
=019  0\$as144149052
=040  \\$aUk$cUk
=084  \\$aQV 44$2blsrissc
=111  2\$aInternational Colloquium on Magnetic Films and Surfaces.
=245  00$aInternational Colloquium on Magnetic Films and Surfaces.
=260  \\$c1982-[1988?]
=336  \\$atext$2rdacontent
=337  \\$aunmediated$2rdamedia
=338  \\$avolume$2rdacarrier
=500  \\$aPublisher varies.
=500  \\$aSize varies.
=515  \\$a11th, 1985, not published.
=580  \\$aContinuation of "International Colloquium on Magnetic Thin Films", q.v.
=886  2\$2blmarc$a029$b00$aS144149001
=852  71$aBritish Library$bSTI$2blsrissc$31982-1988; 9th, 1979 - 12th, 1988
=968  \\$bX
=CAT  \\$aCONV$b00$c20040425$lBLL90$h0852
=CAT  \\$aCONV$b00$c20040502$lBLL01$h1222
=CAT  \\$aBATCH$b00$c20091119$lBLL01$h0117
=FIN  \\$aY
=LEO  \\$aMP25.0000045034
=SRC  \\$aSRI01$bbibmp25.200404.2.aa
=SSD  \\$a50300{dollar}aContinuation of "International Colloquium on Magnetic Thin Films", q.v
=TCO  \\$aXXX$c008
=LAS  \\$aBATCH$b00$c20091119$lBLL01$h0117

