=LDR  01144 as a2200361ua 4500
=001  007521845
=003  Uk
=005  20091119011700.0
=008  841023d19641993vp\h|\p|||\\\|1\\\||mul\\
=FMT  \\$a  SE
=019  0\$as148866018
=040  \\$aUk$cUk
=084  \\$aPR 15$2blsrissc
=084  \\$aPR 22$2blsrissc
=111  2\$aInternational Conference on General Relativity and Gravitation.
=245  00$aInternational Conference on General Relativity and Gravitation.
=260  \\$c1964-1993.
=336  \\$atext$2rdacontent
=337  \\$aunmediated$2rdamedia
=338  \\$avolume$2rdacarrier
=500  \\$aPublisher varies.
=500  \\$aSize varies.
=515  \\$aConference numbering begins with 5th, 1968.
=852  71$aBritish Library$bSTI$2blsrissc$31964-1993; [3rd], 1962 - 13th, 1992. ; Deficient: 4th, 1965; 8th, 1977
=968  \\$bX
=CAT  \\$aCONV$b00$c20040425$lBLL90$h0852
=CAT  \\$aCONV$b00$c20040502$lBLL01$h1222
=CAT  \\$aBATCH$b00$c20091119$lBLL01$h0117
=FIN  \\$aY
=LEO  \\$aMP25.0000049771
=SRC  \\$aSRI01$bbibmp25.200404.2.aa
=TCO  \\$aXXX$c008
=LAS  \\$aBATCH$b00$c20091119$lBLL01$h0117

