=LDR  01572 as a2200397ui 4500
=001  007524468
=003  Uk
=005  20201017084757.0
=008  770614d19741978|||||\p|||\\\|1\\\||eng\\
=FMT  \\$a  SE
=019  0\$as152150005
=040  \\$aUk$cUk
=084  \\$aQK 72$2blsrissc
=111  2\$aInternational Conference on Submillimeter Waves and their Applications.
=245  00$aProceedings - International Conference on Submillimeter Waves and their Applications.
=260  \\$c1974-78.
=336  \\$atext$2rdacontent
=337  \\$aunmediated$2rdamedia
=338  \\$avolume$2rdacarrier
=580  \\$aContinued as "International Conference on Infrared and Millimeter Waves. Conference digest", q.v.
=886  2\$2blmarc$a029$b00$aS152150080
=883  0\$aLanguage codes assigned by Bayesian analysis of words present in record$d20200826$qUk$c0.9919
=852  71$aBritish Library$bSTI$2blsrissc$31974-1978; 1st, 1974-3rd, 1978
=985  \\$aUpgraded by BSS-generated file for WR2009-0365
=CAT  \\$aCONV$b00$c20040425$lBLL90$h0852
=CAT  \\$aCONV$b00$c20040502$lBLL01$h1222
=CAT  \\$aglobal_upd$b40$c20060417$lBLL01$h1612
=CAT  \\$aBATCH$b00$c20091207$lBLL01$h0456
=CAT  \\$aBATCH$b00$c20091214$lBLL01$h0301
=CAT  \\$aW2009-0365$b00$c20201017$lBLL01$h0847
=FIN  \\$aY
=LEO  \\$aMP25.0000053116
=SRC  \\$aSRI01$bbibmp25.200404.2.aa
=SSD  \\$a50300{dollar}aContinued as "International Conference on Infrared and Millimeter Waves. Conference digest", q.v
=TCO  \\$aZZZ$c008
=LAS  \\$aW2009-0365$b00$c20201017$lBLL01$h0847

