=LDR  01040 am a2200325ui 4500
=001  007526644
=003  Uk
=005  20091214030200.0
=008  780822s1976\\\\xxk\\\\||\\\\|||0\||eng\\
=FMT  \\$a  BK
=019  0\$as15525300x
=040  \\$aUk$cUk
=084  \\$aRC 43(G)$2blsrissc
=110  2\$aGeneral Electric Company (Great Britain)
=245  14$aThe GEC year 1976 /$cThe General Electric Company Limited.
=260  \\$a[London?] :$bThe Company,$c[1976?]
=300  \\$a25p. ;$c30cm.
=336  \\$atext$2rdacontent
=337  \\$aunmediated$2rdamedia
=338  \\$avolume$2rdacarrier
=852  71$aBritish Library$bSTI$cRES$kTrade Literature Collection$2blsrissc
=CAT  \\$aCONV$b00$c20040425$lBLL90$h0852
=CAT  \\$aCONV$b00$c20040502$lBLL01$h1222
=CAT  \\$aglobal_upd$b40$c20060417$lBLL01$h1612
=CAT  \\$aBATCH$b00$c20091207$lBLL01$h0457
=CAT  \\$aBATCH$b00$c20091214$lBLL01$h0302
=FIN  \\$aY
=LEO  \\$aMP25.0000056120
=SRC  \\$aSRI01$bbibmp25.200404.2.aa
=LAS  \\$aBATCH$b00$c20091214$lBLL01$h0302

