=LDR  02385 as a2200673 a 4500
=001  007692545
=003  Uk
=005  20131128085643.0
=006  aa\\\|||||||||||||
=007  ta
=008  040205c20019999enkw|\\\\\\\\\0\\\a0eng\\
=FMT  \\$a  SE
=015  \\$aGBA405914$2bnb
=019  y\$abA405914
=019  9\$abA405914
=019  0\$as693064005
=022  0\$a1472-8699$202
=039  0\$a2776
=040  \\$aUk$cUk
=082  04$a676$222
=210  0\$aDerwent doc. abstr., J. sect. F Text. papermak.
=222  \0$aDerwent documentation abstracts. Journal Section F, Textiles & paper-making
=245  00$aDerwent documentation abstracts.$pJournal section F, Textiles & paper-making.
=246  00$aDerwent documentation abstracts. Journal section F, Textiles and paper-making
=246  18$aDAJ Section F, Textiles & paper-making
=260  \\$aLondon :$bDerwent Thomson Scientific,$c2001-
=264  31$aPhiladelphia ;$aLondon ;$aSingapore ;$aTokyo :$bThomson Reuters
=300  \\$av. :$bill. ;$c27 cm.
=310  \\$aWeekly
=336  \\$atext$2rdacontent
=337  \\$aunmediated$2rdamedia
=338  \\$avolume$2rdacarrier
=500  \\$aDescription based on: 2003/53 (9 Sept. 2003).
=588  \\$aLatest issue consulted: 2013/71 (13 Nov 2013).
=650  \0$aTextile fabrics$vPatents$vAbstracts$vPeriodicals.
=650  \0$aPapermaking$vPatents$vAbstracts$vPeriodicals.
=710  2\$aDerwent Information (Firm)
=852  71$aBritish Library$bSTI$kIP Reserve North$3Issue 53 (2003); Issue 1 (2009)-issue 83 (Jan. 2017)
=957  \\$a031106c
=CAT  \\$aCONV$b00$c20040425$lBLL90$h0531
=CAT  \\$aCONV$b00$c20040502$lBLL01$h1229
=CAT  \\$aglobal_upd$b40$c20060417$lBLL01$h1614
=CAT  \\$aWR09-126
=CAT  \\$aBATCH-UPD$b40$c20090904$lBLL01$h1710
=CAT  \\$aBATCH$b00$c20091119$lBLL01$h0124
=CAT  \\$a8456$b40$c20110922$lBLL01$h1113
=CAT  \\$a5194$b40$c20120312$lBLL01$h1301
=CAT  \\$a5997$b40$c20131128$lBLL01$h0856
=CAT  \\$aWR14_140$c20140905$lBLL01$h1721
=FIN  \\$aY
=LEO  \\$aMP5.0000028804
=LEO  \\$aMP22.0000065874
=LEO  \\$aMP25.0000369785
=SRC  \\$aDSS03$bbibsr.200404.2.aa
=SRC  \\$aBNB03$bbibmp5.200404.2.aa
=SRC  \\$aISN01$bbibmp22.200404.2.aa
=SRC  \\$aSRI01$bbibmp25.200404.2.aa
=TCO  \\$aCLA$bCLA$c008
=LAS  \\$aWR14_140$b00$c20140905$lBLL01$h1721

