=LDR  02239 as a2200649 a 4500
=001  007692549
=003  Uk
=005  20131128090056.0
=007  ta
=008  040205c20019999enkw|\p\\\\\\\0\\\a0eng\\
=FMT  \\$a  SE
=015  \\$aGBA405936$2bnb
=019  y\$abA405936
=019  9\$abA405936
=019  0\$as693061006
=022  0\$a1472-8729$202
=039  0\$a2776
=040  \\$aUk$cUk$dUk
=082  04$a660.5$221
=222  \0$aDerwent documentation abstracts. Journal section J, Chemical engineering
=245  00$aDerwent documentation abstracts.$pJournal section J, Chemical engineering.
=246  18$aDAJ. Section J, Chemical engineering
=260  \\$aLondon :$bThomson Derwent Scientific,$c[2001]-
=264  31$aPhiladelphia ;$aLondon ;$aSingapore ;$aTokyo :$bThomson Reuters
=300  \\$av. ;$c27 cm.
=310  \\$aWeekly
=336  \\$atext$2rdacontent
=337  \\$aunmediated$2rdamedia
=338  \\$avolume$2rdacarrier
=500  \\$aDescription based on: 2003/53 (09 Sept. 2003) issue.
=530  \\$aAlso published on CD-ROM.
=588  \\$aLatest issue consulted: 2013/70 (08 Nov 2013).
=650  \0$aChemical engineering$vPatents$vAbstracts$vPeriodicals.
=710  2\$aDerwent Information (Firm)
=852  71$aBritish Library$bSTI$kIP Reserve North$2blsrissc$3Issue 53 (2003); Issue 1 (Jan. 14 2009)-issue 83 (Jan. 2017)
=957  \\$a031106c
=985  \\$aRecord merged by DQ team
=CAT  \\$aCONV$b00$c20040425$lBLL90$h0531
=CAT  \\$aCONV$b00$c20040502$lBLL01$h1229
=CAT  \\$aglobal_upd$b40$c20060417$lBLL01$h1614
=CAT  \\$aWR09-126
=CAT  \\$aBATCH-UPD$b40$c20090904$lBLL01$h1710
=CAT  \\$aBATCH$b00$c20091119$lBLL01$h0124
=CAT  \\$a8456$b40$c20101112$lBLL01$h0943
=CAT  \\$a5194$b40$c20120312$lBLL01$h1301
=CAT  \\$a5997$b40$c20131128$lBLL01$h0900
=CAT  \\$aWR14_140$c20140905$lBLL01$h1721
=FIN  \\$aY
=LEO  \\$aMP5.0000028808
=LEO  \\$aMP22.0000065877
=LEO  \\$aMP25.0000369783
=SRC  \\$aDSS03$bbibsr.200404.2.aa
=SRC  \\$aBNB03$bbibmp5.200404.2.aa
=SRC  \\$aISN01$bbibmp22.200404.2.aa
=SRC  \\$aSRI01$bbibmp25.200404.2.aa
=TCO  \\$aCLA$bCLA$c008
=LAS  \\$aWR14_140$b00$c20140905$lBLL01$h1721

