=LDR  02205cam a22006138a 4500
=001  007727407
=003  Uk
=005  20230331161128.0
=008  001030s2001\\\\enk\\\\||\\\\\000\||eng\\
=FMT  \\$a  BK
=015  \\$aGBA0V3386$2bnb
=019  y\$abA0V3386
=019  9\$a185383775x
=019  a\$aG07092876
=020  \\$a185383775X :$c£60.00
=039  0\$a2616
=040  \\$aStDuBDS$dUk
=082  04$a363.70526$221
=245  00$aYearbook of international co-operation on environment and development, 2001/2002 /$cThe Fridtjof Nansen Institute ; edited by Olav Schram Stokke and Øystein B. Thommessen.
=260  \\$aLondon :$bEarthscan,$c2001.
=263  \\$a200103
=300  \\$a352p. :$bmaps ;$c25cm.
=336  \\$atext$2rdacontent
=337  \\$aunmediated$2rdamedia
=338  \\$avolume$2rdacarrier
=500  \\$aIncludes index.
=540  \\$aCurrent Copyright Fee: GBP34.00$c0$5Uk
=650  \0$aEnvironmental protection$xInternational cooperation.
=650  \0$aEnvironmental policy$xInternational cooperation.
=700  1\$aStokke, Olav.
=700  1\$aThommesen, Øystein B.
=710  2\$aFridtjof Nansen-stiftelsen på Polhøgda.
=852  41$aBritish Library$bDSC$i9413.720
=916  \\$a700/1=NOTNAL
=945  \\$aYearbook of International Cooperation on Environment and Development
=CAT  \\$aCONV$b00$c20040425$lBLL90$h0541
=CAT  \\$aCONV$b00$c20040502$lBLL01$h1230
=CAT  \\$aglobal_upd$b40$c20060417$lBLL01$h0452
=CAT  \\$aBATCH$b00$c20091119$lBLL01$h0136
=CAT  \\$aBATCH-CLAB$c20220330$lBLL01$h1552
=CAT  \\$aBATCH-UPD$b00$c20220330$lBLL01$h1726
=CAT  \\$aIPL-CLA$c20220331$lBLL01$h2123
=CAT  \\$aBATCH-CLAB$c20230324$lBLL01$h1306
=CAT  \\$aIPL-CLA$c20230331$lBLL01$h1611
=CFI  0\$aCurrent Copyright Fee: GBP34.00$c0$e01-apr-2023$fGBP34.00$g0$hC$5Uk
=CFI  2\$aPrevious Copyright Fee: GBP28.00$c0$e01-apr-2022$fGBP28.00$g0$hC$5Uk
=FIN  \\$aY
=LEO  \\$aMP5.0000403575
=LEO  \\$aMP5.0001823233
=LEO  \\$aMP8.0001674359
=SRC  \\$aBNB03$bbibmp5.200404.2.aa
=SRC  \\$aBNB03$bbibmp5.200404.2.ad
=SRC  \\$aDSC01$bbibmp8.200404.2.ac
=LAS  \\$aIPL-CLA$b00$c20230331$lBLL01$h1611

