=LDR  02298cam a22006255a 4500
=001  007728584
=003  Uk
=005  20220331212308.0
=008  000403s1999\\\\enk\\\\||b\\\\000\||eng\\
=FMT  \\$a  BK
=015  \\$aGBA025884$2bnb
=019  y\$abA025884
=019  9\$a185433316x
=019  a\$aG05995800
=020  \\$a185433316X (pbk) :$cNo price
=035  \\$a(WlAbNL)A12265968
=040  \\$aWlAbNL$dUk
=245  00$aWhat do forensic psychologists do? :$bcurrent and future directions in the prison and probation services /$cforewords by Martin Narey and Sue Street ; edited by Graham Towl and Cynthia McDougall.
=260  \\$aLeicester :$bThe British Psychological Society,$cc1999.
=300  \\$a84 p. ;$c25cm.
=336  \\$atext$2rdacontent
=337  \\$aunmediated$2rdamedia
=338  \\$avolume$2rdacarrier
=490  1\$aIssues in forensic psychology ;$v1
=500  \\$aPublished for the Division of Forensic Psychology.
=504  \\$aIncludes bibliography.
=590  \\$aPublished for the Division of Forensic Psychology
=540  \\$aCurrent Copyright Fee: GBP32.00$c0$5Uk
=650  \0$aForensic psychology.
=700  1\$aNarey, Martin.
=700  1\$aStreet, Sue.
=700  1\$aTowl, Graham J.
=700  1\$aMcDougall, Cynthia.
=710  2\$aBritish Psychological Society.$bDivision of Forensic Psychology.
=830  \0$aIssues in forensic psychology ;$v1.
=852  41$aBritish Library$bDSC$i4584.24450
=CAT  \\$aCONV$b00$c20040425$lBLL90$h0541
=CAT  \\$aCONV$b00$c20040502$lBLL01$h1230
=CAT  \\$aUE-01$b00$c20060303$lBLL01$h1650
=CAT  \\$aglobal_upd$b40$c20060417$lBLL01$h0452
=CAT  \\$aBATCH$b00$c20091119$lBLL01$h0137
=CAT  \\$aBATCH$b00$c20091216$lBLL01$h2326
=CAT  \\$aBATCH-UPD$b00$c20121104$lBLL01$h2251
=CAT  \\$aBATCH-UPD$b00$c20181214$lBLL01$h2037
=CAT  \\$aBATCH-CLAB$c20220330$lBLL01$h1711
=CAT  \\$aIPL-CLA$c20220331$lBLL01$h2123
=CFI  0\$aCurrent Copyright Fee: GBP32.00$c0$e01-apr-2022$fGBP32.00$g0$hC$5Uk
=FIN  \\$aY
=LEO  \\$aMP5.0000405489
=LEO  \\$aMP5.0001825467
=LEO  \\$aMP8.0001622963
=SRC  \\$aBNB03$bbibmp5.200404.2.aa
=SRC  \\$aBNB03$bbibmp5.200404.2.ad
=SRC  \\$aDSC01$bbibmp8.200404.2.ac
=LAS  \\$aIPL-CLA$b00$c20220331$lBLL01$h2123

