=LDR  01185 am a22003733u 4500
=001  007815163
=003  Uk
=005  20200417180430.0
=008  040421|1997\\\\|||\\\\||\\\\\000\||eng\\
=FMT  \\$a  BK
=019  g\$aadv0102506019
=019  a\$aG05761925
=020  \\$a0749281561
=040  \\$aUk$cUk
=100  1\$aMcLannahan, Heather.
=245  10$aHuman biology and health: Book 5; living and dying on a shared earth.
=260  \\$bOpen University Press,$c1997.
=336  \\$atext$2rdacontent
=337  \\$aunmediated$2rdamedia
=338  \\$avolume$2rdacarrier
=852  41$aBritish Library$bDSC$i6266.26
=945  \\$aOpen University Course Notes ; no 5
=966  \\$lACQUIS 30/03/99
=985  \\$aUpgraded by BSS-generated file for WR1910-0531
=CAT  \\$aCONV$b00$c20040425$lBLL90$h0650
=CAT  \\$aCONV$b00$c20040502$lBLL01$h1232
=CAT  \\$aglobal_upd$b40$c20060417$lBLL01$h0514
=CAT  \\$a5194$b40$c20090622$lBLL01$h1238
=CAT  \\$aBATCH$b00$c20091208$lBLL01$h0244
=CAT  \\$aW1910-0531$b00$c20200417$lBLL01$h1804
=FIN  \\$aY
=LEO  \\$aMP8.0001528358
=SRC  \\$aDSC01$bbibmp8.200404.2.ac
=LAS  \\$aW1910-0531$b00$c20200417$lBLL01$h1804

