=LDR  01263 am a22004093u 4500
=001  007823546
=003  Uk
=005  20100212182200.0
=008  000323s1999\\\\enk\\\\||\\\\\000\||eng\\
=FMT  \\$a  BK
=019  g\$aadv5000236998
=019  a\$aG05811421
=020  \\$a1902015002 (pbk) :$c£19.95
=040  \\$aStDuBDS$dUk
=082  04$a746.09049$221
=245  00$aReinventing textiles.$nVol. 1,$pTradition & innovation in contemporary practice /$cedited by Sue Rowley.
=260  \\$aExeter :$bAspire,$c1999.
=300  \\$a168p. :$bill. ;$c23cm.
=336  \\$atext$2rdacontent
=337  \\$aunmediated$2rdamedia
=338  \\$avolume$2rdacarrier
=598  \\$aPROV.RECORD
=650  \0$aTextile fabrics.
=700  1\$aRowley, Sue.
=852  41$aBritish Library$bDSC$i7351.97
=916  \\$a700=NOTNAL
=945  \\$aReiventing textiles ; v 1
=966  \\$lACQUIS 20/12/99
=CAT  \\$aCONV$b00$c20040425$lBLL90$h0650
=CAT  \\$aCONV$b00$c20040502$lBLL01$h1233
=CAT  \\$aglobal_upd$b40$c20060417$lBLL01$h0517
=CAT  \\$aBATCH$b00$c20091208$lBLL01$h0247
=CAT  \\$aBATCH-UPD$b00$c20100212$lBLL01$h1822
=FIN  \\$aY
=LEO  \\$aMP8.0001550108
=SRC  \\$aDSC01$bbibmp8.200404.2.ac
=LAS  \\$aBATCH-UPD$b00$c20100212$lBLL01$h1822

