=LDR  01794 am a22005533u 4500
=001  007825491
=003  Uk
=005  20200424223310.0
=008  040421|1999\\\\|||\\\\||\\\\\000\||eng\\
=FMT  \\$a  BK
=019  8\$angb199918165
=019  a\$aG05820080
=020  \\$a1902633091
=040  \\$aUk$cUk
=072  \7$a05R$2sigle
=082  04$a301$222
=082  04$a361$222
=100  1\$aRandall, Geoffrey,$d1948-
=245  10$aEnding exclusion :$bemployment and training schemes for homeless young people.
=260  \\$bJoseph Rowntree Foundation,$c1999.
=336  \\$atext$2rdacontent
=337  \\$aunmediated$2rdamedia
=338  \\$avolume$2rdacarrier
=650  \0$aSociology
=650  \0$aHuman services
=653  \\$aSociology
=690  7\$aSocial Welfare$2blcoll
=700  1\$aBrown, Susan$c(Social research consultant)
=710  2\$aJoseph Rowntree Foundation.
=852  41$aBritish Library$bDSC$i9348.0755
=945  \\$aWork and Opportunity Series ; no 10
=966  \\$lACQUIS
=985  \\$aUpgraded by BSS-generated file for WR1910-0531
=CAT  \\$aCONV$b00$c20040425$lBLL90$h0650
=CAT  \\$aCONV$b00$c20040502$lBLL01$h1233
=CAT  \\$aglobal_upd$b40$c20060417$lBLL01$h0518
=CAT  \\$asigle_ddc$b40$c20070409$lBLL01$h1924
=CAT  \\$aBATCH-UPD$b40$c20070519$lBLL01$h1807
=CAT  \\$a8964$b40$c20070607$lBLL01$h1345
=CAT  \\$a8964$b40$c20070613$lBLL01$h1620
=CAT  \\$aBATCH$b00$c20091208$lBLL01$h0248
=CAT  \\$a8964$b40$c20120705$lBLL01$h1536
=CAT  \\$a8964$b40$c20120705$lBLL01$h1608
=CAT  \\$aW1910-0531$b00$c20200417$lBLL01$h1804
=CAT  \\$aBATCH-SWP$c20200424$lBLL01$h2233
=FIN  \\$aY
=LEO  \\$aMP8.0001554604
=SRC  \\$aDSC01$bbibmp8.200404.2.ac
=LAS  \\$aBATCH-SWP$b00$c20200424$lBLL01$h2233

