=LDR  03515cas a2200829 a 4500
=001  007858999
=003  Uk
=005  20221231183635.0
=007  ta
=008  040409d19841988enkwr\\\\\\\\\0\\\a0eng\\
=FMT  \\$a  SE
=019  c\$a2316212
=040  \\$aUk$cUk$dUk
=245  00$aEuropean patents report.$pUnexamined.
=260  \\$aLondon :$bDerwent,$c1984-1988.
=300  \\$av, ;$a27 cm.
=336  \\$atext$2rdacontent
=337  \\$aunmediated$2rdamedia
=338  \\$avolume$2rdacarrier
=595  \\$aCONTD AS 3829.77429N.
=540  \\$aCurrent Copyright Fee: GBP25.00$c0$5Uk
=710  2\$aDerwent Publications, Ltd.
=785  00$tEuropean patents abstracts. Unexamined. Patent number order. A-X, Complete
=852  41$aBritish Library$bSTI$kIP Reserve North
=945  \\$aEUROPEAN PATENTS REPORT UNEXAMINED.
=963  \\$a8501, 1985- 8835, 1988 *A=1$bN$cL420.B.619
=979  \\$aBritish Library$bDSC$j3829.774470N$xNot selected
=A02  \\$a2316212
=CAT  \\$aCONV$b00$c20040425$lBLL90$h0702
=CAT  \\$aBATCH-UPD$b00$c20100225$lBLL01$h2306
=CAT  \\$aBATCH-UPD$b00$c20100331$lBLL01$h2054
=CAT  \\$aBATCH-UPD$b00$c20100401$lBLL01$h0034
=CAT  \\$aBATCH$b00$c20100401$lBLL01$h0344
=CAT  \\$aBATCH$b00$c20100401$lBLL01$h1346
=CAT  \\$aBATCH-UPD$b00$c20101124$lBLL01$h1735
=CAT  \\$aBATCH-UPD$b00$c20101125$lBLL01$h0959
=CAT  \\$aIPL-CLA$c20101231$lBLL01$h1207
=CAT  \\$aWR11_203$c20111204$lBLL01$h1301
=CAT  \\$aIPL-CLA$c20111230$lBLL01$h1710
=CAT  \\$aBATCH-CLA$b00$c20121103$lBLL01$h1021
=CAT  \\$aWR13.005$c20130329$lBLL01$h1224
=CAT  \\$aBATCH-CLA$c20131217$lBLL01$h0119
=CAT  \\$aIPL-CLA$c20131231$lBLL01$h1859
=CAT  \\$aBATCH-CLA$b00$c20161222$lBLL01$h1659
=CAT  \\$aIPL-CLA$c20161230$lBLL01$h1817
=CAT  \\$aBATCH-CLA$b00$c20171222$lBLL01$h1955
=CAT  \\$aIPL-CLA$c20171231$lBLL01$h1352
=CAT  \\$aBATCH-CLA$b00$c20191219$lBLL01$h1624
=CAT  \\$aIPL-CLA$c20191231$lBLL01$h1723
=CAT  \\$aR2001-1524$c20200127$lBLL01$h1925
=CAT  \\$aBATCH-CLA$b00$c20201204$lBLL01$h1420
=CAT  \\$aIPL-CLA$c20201231$lBLL01$h1920
=CAT  \\$aBATCH-CLA$b00$c20221221$lBLL01$h1724
=CAT  \\$aIPL-CLA$c20221231$lBLL01$h1836
=CFI  0\$aCurrent Copyright Fee: GBP25.00$c0$e01-jan-2023$fGBP25.00$g0$hA$5Uk
=CFI  2\$aPrevious Copyright Fee: GBP22.50$c0$e01-jan-2021$fGBP22.50$g0$hA$5Uk
=FIN  \\$aY
=LEO  \\$aMP10.0000219650
=SRC  \\$aDSS01$bbibmp10.200404.2.aa
=TCO  \\$aCLA$bCLA$c008
=ACF  \\$aPrevious copyright fee: GBP9.00$c0$e01-apr-2010$fGBP9.00$g0$hA$5Uk
=ACF  \\$aPrevious copyright fee: GBP6.00$c0$e01-apr-2008$fGBP6.00$g0$hA$5Uk
=ACF  \\$aPrevious copyright fee: GBP5.00$c0$e01-jul-2002$fGBP5.00$g0$hA$5Uk
=ACF  \\$aCurrent copyright fee: GBP4.40$c0$e01-jul-1998$fGBP4.40$g0$hA$5Uk
=ACF  \\$aCurrent copyright fee: GBP4.20$c0$e01-apr-1997$fGBP4.20$g0$hA$5Uk
=ACF  \\$aPrevious copyright fee: GBP10.50$c0$e01-jan-2011$fGBP10.50$g0$hA$5Uk
=ACF  \\$aPrevious copyright fee: GBP12.00$c0$e01-jan-2012$fGBP12.00$g0$hA$5Uk
=ACF  \\$aPrevious Copyright Fee: GBP12.30$c0$e01-jan-2014$fGBP12.30$g0$hA$5Uk
=ACF  \\$aPrevious Copyright Fee: GBP15.00$c0$e01-jan-2017$fGBP15.00$g0$hA$5Uk
=ACF  \\$aPrevious Copyright Fee: GBP17.50$c0$e01-jan-2018$fGBP17.50$g0$hA$5Uk
=ACF  \\$aPrevious Copyright Fee: GBP20.00$c0$e01-jan-2020$fGBP20.00$g0$hA$5Uk
=LAS  \\$aIPL-CLA$b00$c20221231$lBLL01$h1836

