=LDR  01858 as a22005177a 4500
=001  007881374
=003  Uk
=005  20080428080506.0
=008  040417c19uu9999sa\ar\\\\\\\\\0\\\a0eng\\
=FMT  \\$a  SE
=040  \\$aUk$beng$cUk$dUk
=042  \\$aukblsr
=082  04$a338.7622342205$222
=110  2\$aAngloGold (Firm)
=245  10$aAnnual financial statements.
=246  18$aAngloGold Limited annual financial statements
=260  \\$aJohannesburg :$bAngloGold
=300  \\$av. :$bill., maps, ports. ;$c28 cm.
=336  \\$atext$2rdacontent
=337  \\$aunmediated$2rdamedia
=338  \\$avolume$2rdacarrier
=530  \\$aAlso issued on CD-ROM and the Internet.
=500  \\$aDescription based on: 2003 issue.
=610  20$aAngloGold (Firm)$vPeriodicals.
=610  20$aAngloGold (Firm)$xFinance$vPeriodicals.
=777  0\$aAnglogold (Firm).$sReport to society (Anglogold (Firm))
=785  01$aAngloGold Ashanti Ltd$sAnnual report (AngloGold Ashanti Ltd)
=852  11$aBritish Library$bSTI$cBIPC$kBIPC Trade Literature Collection
=CAT  \\$aCONV$b00$c20040425$lBLL90$h0713
=CAT  \\$aCONV$b00$c20040502$lBLL01$h1234
=CAT  \\$a8323$b40$c20040816$lBLL01$h0825
=CAT  \\$a8323$b40$c20040816$lBLL01$h0844
=CAT  \\$a8323$b40$c20040816$lBLL01$h0938
=CAT  \\$a8323$b40$c20040928$lBLL01$h1032
=CAT  \\$a8323$b40$c20041004$lBLL01$h1146
=CAT  \\$a8874$b40$c20060609$lBLL01$h1434
=CAT  \\$a11187$b40$c20060620$lBLL01$h1446
=CAT  \\$a11187$b40$c20060620$lBLL01$h1553
=CAT  \\$a11187$b40$c20060620$lBLL01$h1603
=CAT  \\$aBATCH-UPD$b40$c20070910$lBLL01$h1126
=CAT  \\$a8323$b40$c20080428$lBLL01$h0805
=CAT  \\$aBATCH-UPD$b40$c20101220$lBLL01$h1248
=FIN  \\$aY
=SRC  \\$aDSS04$bbibld.200404.2.aa
=TCO  \\$aZAF$bDALRO$c008
=LAS  \\$aBATCH-UPD$b40$c20101220$lBLL01$h1248

