=LDR  01773 as a2200481 a 4500
=001  007885479
=003  Uk
=005  20050405120110.0
=008  040417c20019999enkar\p\\\\\\\0\\\a0eng\\
=FMT  \\$a  SE
=015  \\$aGBA527931$2bnb
=040  \\$aUk$beng$cUk
=042  \\$aukblsr
=046  \\$at$c2002$e9999
=082  04$a363.6109428805$222
=110  2\$aNorthumbrian Water Limited.
=245  00$aEnvironment, society and economy performance report ... /$cNorthumbrian Water Limited.
=260  \\$aDurham :$bNorthumbrian Water Limited,$c2002-
=300  \\$av. :$bcol. ill., col. ports. ;$c21 x 30 cm.
=310  \\$aAnnual
=336  \\$atext$2rdacontent
=337  \\$aunmediated$2rdamedia
=338  \\$avolume$2rdacarrier
=362  0\$a2001/02-
=650  \0$aWater quality management$vPeriodicals.$zEngland$zNorthumbria (Region)
=610  20$aNorthumbrian Water Limited$vPeriodicals.
=780  00$aNorthumbrian Water Limited.$tEnvironment and society report
=852  11$aBritish Library$bSTI$cBIPC$kBIPC Trade Literature Collection
=A02  \\$a3025603$z0
=CAT  \\$aCONV$b00$c20040425$lBLL90$h0713
=CAT  \\$a6537$b40$c20040915$lBLL01$h1506
=CAT  \\$a8124$b40$c20040928$lBLL01$h1033
=CAT  \\$a8124$b40$c20040928$lBLL01$h1509
=CAT  \\$a9572$b40$c20041007$lBLL01$h1150
=CAT  \\$a6537$b40$c20041026$lBLL01$h0932
=CAT  \\$a6537$b40$c20050405$lBLL01$h1201
=CAT  \\$aBATCH$b00$c20091208$lBLL01$h0311
=CAT  \\$aWR14_140$c20140905$lBLL01$h1724
=FIN  \\$aY
=LKR  \\$aPAR$b008562696$lBLL01$r78000$mEnvironment, society and economy performance report ... /$nEnvironment and society report ... /
=SRC  \\$aDSS04$bbibld.200404.2.aa
=TCO  \\$aCLA$bCLA$c008
=LAS  \\$aWR14_140$b00$c20140905$lBLL01$h1724

