=LDR  01421 as a22004097a 4500
=001  007888151
=003  Uk
=005  20160920110846.0
=007  ta
=008  040417c20109999enkar\\\\\\\\\0\\\a0eng\\
=FMT  \\$a  SE
=040  \\$aUk$beng$cUk$dUk
=110  2\$aVinci Construction UK.
=245  10$aAnnual report /$cConstruction UK.
=260  \\$aWatford :$bVINCI Construction UK
=336  \\$atext$2rdacontent
=337  \\$aunmediated$2rdamedia
=338  \\$avolume$2rdacarrier
=362  0\$a2010-
=610  20$aVinci Construction UK$vPeriodicals.
=780  00$aNorwest Holst Limited.$t[Annual reports, financial reports, etc.]
=852  41$aBritish Library$bSTI$cBIPC$32010-2011
=A02  \\$a3024058$z0
=CAT  \\$aCONV$b00$c20040425$lBLL90$h0713
=CAT  \\$aCONV$b00$c20040502$lBLL01$h1234
=CAT  \\$aBATCH$b00$c20091208$lBLL01$h0312
=CAT  \\$aBATCH$b00$c20091214$lBLL01$h0318
=CAT  \\$aBATCH$b00$c20091216$lBLL01$h0058
=CAT  \\$a6537$b40$c20130415$lBLL01$h1510
=CAT  \\$aBATCH-UPD$b40$c20160121$lBLL01$h1533
=CAT  \\$a8871$b40$c20160121$lBLL01$h1604
=CAT  \\$a8871$b40$c20160121$lBLL01$h1633
=CAT  \\$a8124$b40$c20160920$lBLL01$h1108
=FIN  \\$aY
=LKR  \\$aPAR$b017890280$lBLL01$nNorwest Holst Limited. [Annual reports, financial reports, etc.]$mVinci Construction UK. Annual report$r78000
=TCO  \\$aZZZ$c008
=LAS  \\$a8124$b40$c20160920$lBLL01$h1108

