=LDR  01291 as a22003977i 4500
=001  007898027
=003  Uk
=005  20190815111830.0
=007  ta
=008  040417d19uu19uuenkmr\p\\\\\\\0\\\a0eng\\
=FMT  \\$a  SE
=040  \\$aUk$beng$cUk$erda
=042  \\$aukblsr
=245  00$aDebenhams news :$bfor all group staff.
=264  \1$a[London] :$b[Debenhams]
=300  \\$billustrations (black and white) ;$c38 cm
=310  \\$aMonthly
=336  \\$atext$2rdacontent
=337  \\$aunmediated$2rdamedia
=338  \\$avolume$2rdacarrier
=500  \\$aSubtitle varies.
=588  \\$aDescription based on: January 1981.
=588  \\$aLatest issue consulted: December 1987.
=610  20$aDebenhams (Firm)$vPeriodicals.
=852  71$aBritish Library$bSTI$cBIPC$kTrade Literature$3Jan. (1981)-Dec. (1988)***Check shelf for accurate holdings
=A02  \\$a1034391$z34391
=CAT  \\$aCONV$b00$c20040425$lBLL90$h0713
=CAT  \\$aCONV$b00$c20040502$lBLL01$h1234
=CAT  \\$aBATCH$b00$c20091208$lBLL01$h0315
=CAT  \\$aBATCH$b00$c20091214$lBLL01$h0321
=CAT  \\$aBATCH$b00$c20091216$lBLL01$h0101
=CAT  \\$a8124$b40$c20190815$lBLL01$h1118
=FIN  \\$aY$d20190815
=SRC  \\$aDSS04$bbibld.200404.2.aa
=TCO  \\$aZZZ$c008
=LAS  \\$a8124$b40$c20190815$lBLL01$h1118

