=LDR  01116 as a2200337ua 4500
=001  008203918
=003  Uk
=005  20201017085248.0
=008  820615c19589999|||||\p|||\\\|1\\\||eng\\
=FMT  \\$a  SE
=019  0\$as165318015
=040  \\$aUk$cUk
=084  \\$aNB 72$2blsrissc
=111  2\$aInternational Symposium on Passivity.
=245  00$aProceedings of the... International Symposium on Passivity.
=260  \\$c1958-
=336  \\$atext$2rdacontent
=337  \\$aunmediated$2rdamedia
=338  \\$avolume$2rdacarrier
=883  0\$aLanguage codes assigned by Bayesian analysis of words present in record$d20200826$qUk$c0.9919
=852  71$aBritish Library$bSTI$2blsrissc$31958- ; 1st, 1957-
=985  \\$aUpgraded by BSS-generated file for WR2009-0365
=CAT  \\$aCONV$b00$c20040425$lBLL90$h0852
=CAT  \\$aCONV$b00$c20040502$lBLL01$h1244
=CAT  \\$aBATCH$b00$c20091122$lBLL01$h0006
=CAT  \\$aW2009-0365$b00$c20201017$lBLL01$h0852
=FIN  \\$aY
=LEO  \\$aMP25.0000066265
=SRC  \\$aSRI01$bbibmp25.200404.2.aa
=TCO  \\$aZZZ$c008
=LAS  \\$aW2009-0365$b00$c20201017$lBLL01$h0852

