=LDR  01239 as a2200373ua 4500
=001  008204305
=003  Uk
=005  20070717142116.0
=008  860225d1979\\\\enkg|\p|||\\\|1\\\||eng\\
=FMT  \\$a  SE
=019  0\$as166122017
=040  \\$aUk$cUk
=084  \\$aJU 16$2blsrissc
=111  2\$aIUPAC Symposium on Organic Synthesis.
=245  00$aProceedings of the ... IUPAC Symposium on Organic Synthesis.
=260  \\$c1979-87.
=300  \\$c28 cm.
=336  \\$atext$2rdacontent
=337  \\$aunmediated$2rdamedia
=338  \\$avolume$2rdacarrier
=500  \\$aSponsored by the International Union of Pure and Applied Chemistry, Organic Chemistry Division.
=500  \\$aPublisher varies.
=710  2\$aInternational Union of Pure and Applied Chemistry.$bOrganic Chemistry Division.
=852  71$aBritish Library$bSTI$2blsrissc$31979-1987; 2nd, 1978 - 6th, 1986
=968  \\$bX
=CAT  \\$aCONV$b00$c20040425$lBLL90$h0852
=CAT  \\$aCONV$b00$c20040502$lBLL01$h1244
=CAT  \\$a11249$b40$c20070717$lBLL01$h1421
=CAT  \\$aBATCH$b00$c20091122$lBLL01$h0006
=FIN  \\$aY
=LEO  \\$aMP25.0000067001
=SRC  \\$aSRI01$bbibmp25.200404.2.aa
=TCO  \\$aCLA$bCLA$c008
=LAS  \\$aBATCH$b00$c20091122$lBLL01$h0006

