=LDR  01115 am a22003493u 4500
=001  008450835
=003  Uk
=005  20100211145436.0
=008  870520s1987\\\\enk\\\\||\\\\\001\||eng\\
=FMT  \\$a  BK
=019  a\$aG00914591
=020  \\$a1850913730
=040  \\$aUk$cUk
=100  1\$aLowe, David,$d1936-
=245  12$aA study manual of professional competence in road transport management /$cDavid Lowe.
=250  \\$a6th ed.
=260  \\$aLondon :$bKogan Page,$c1987.
=336  \\$atext$2rdacontent
=337  \\$aunmediated$2rdamedia
=338  \\$avolume$2rdacarrier
=590  \\$aPrevious ed.: 1986
=852  41$aBritish Library$bDSC$i8501.1106
=945  \\$aStudy manual of professional competence in road transport management ; no 6
=CAT  \\$aCONV$b00$c20040425$lBLL90$h0635
=CAT  \\$aCONV$b00$c20040502$lBLL01$h1254
=CAT  \\$aglobal_upd$b40$c20060417$lBLL01$h0625
=CAT  \\$aBATCH$b00$c20091209$lBLL01$h0136
=CAT  \\$a7416$b40$c20100211$lBLL01$h1454
=FIN  \\$aY
=LEO  \\$aMP8.0000490623
=SRC  \\$aDSC01$bbibmp8.200404.2.aa
=LAS  \\$a7416$b40$c20100211$lBLL01$h1454

