=LDR  01462 am a22004333u 4500
=001  008491440
=003  Uk
=005  20111207134637.0
=008  990526s1999\\\\sz\b\\\||b\\\\001\||eng\|
=FMT  \\$a  BK
=019  a\$aG05832044
=020  \\$a3906762149
=020  \\$a0820442275 (US)
=040  \\$aDLC$cDLC$dUk
=050  00$aJV6021
=082  04$a304.8/2/09$221
=245  00$aMigration, migration history, history :$bold paradigms and new perspectives /$cedited by Jan Lucassen and Leo Lucassen.
=300  \\$a454 p. :$bmaps ;$c23 cm.
=336  \\$atext$2rdacontent
=337  \\$aunmediated$2rdamedia
=338  \\$avolume$2rdacarrier
=490  0\$aInternational and comparative social history,$x1420-5297 ;$v4
=504  \\$aIncludes bibliographical references (p. [375]-420) and indexes.
=650  \0$aEmigration and immigration$xHistory.
=650  \0$aForeign workers$xHistory.
=700  1\$aLucassen, Jan.
=700  1\$aLucassen, Leo,$d1959-
=886  2\$2blmarc$a010$b00$a99210132
=852  41$aBritish Library$bDSC$i4535.703
=CAT  \\$aCONV$b00$c20040425$lBLL90$h0650
=CAT  \\$aCONV$b00$c20040502$lBLL01$h1255
=CAT  \\$aglobal_upd$b40$c20060417$lBLL01$h0640
=CAT  \\$aBATCH$b00$c20091209$lBLL01$h0155
=CAT  \\$aBATCH$b00$c20091224$lBLL01$h2354
=CAT  \\$a9572$b40$c20111207$lBLL01$h1346
=FIN  \\$aY
=LEO  \\$aMP8.0001558709
=SRC  \\$aDSC01$bbibmp8.200404.2.ac
=LAS  \\$a9572$b40$c20111207$lBLL01$h1346

