=LDR  01138 am a22003853u 4500
=001  008491576
=003  Uk
=005  20091209015500.0
=008  \\\\\\|1999\\\\|||\\\\||\\\\o0||\||eng\\
=FMT  \\$a  BK
=019  8\$angb199919077
=019  a\$aG05832667
=040  \\$aUk$cUk
=072  \7$a05R$2sigle
=082  04$a301$222
=082  04$a361$222
=245  00$aIndex, sources and derivation of key indicators of local authority social services.
=260  \\$b[Department of Health],$c1999.
=336  \\$atext$2rdacontent
=337  \\$aunmediated$2rdamedia
=338  \\$avolume$2rdacarrier
=650  \0$aSociology
=650  \0$aHuman services
=653  \\$aSociology
=852  41$aBritish Library$bDSC$i4386.60
=945  \\$aIce abstracts ; November 1999
=CAT  \\$aCONV$b00$c20040425$lBLL90$h0650
=CAT  \\$aCONV$b00$c20040502$lBLL01$h1255
=CAT  \\$aglobal_upd$b40$c20060417$lBLL01$h0640
=CAT  \\$asigle_ddc$b40$c20070409$lBLL01$h1931
=CAT  \\$aBATCH$b00$c20091209$lBLL01$h0155
=FIN  \\$aY
=LEO  \\$aMP8.0001559128
=SRC  \\$aDSC01$bbibmp8.200404.2.ac
=LAS  \\$aBATCH$b00$c20091209$lBLL01$h0155

