=LDR  01700 am a22005413u 4500
=001  008494659
=003  Uk
=005  20130315053900.0
=008  \\\\\\|1999\\\\|||\\\\||\\\\o0||\||eng\\
=FMT  \\$a  BK
=019  8\$angb199921938
=019  a\$aG05854676
=040  \\$aUk$cUk
=072  \7$a05S$2sigle
=072  \7$a05R$2sigle
=072  \7$a05J$2sigle
=082  04$a331$222
=082  04$a301$222
=082  04$a361$222
=082  04$a320$222
=082  04$a351$222
=110  1\$aGreat Britain.$bHome Office.
=245  00$aRace equality - the Home Secretary's employment targets :$bstaff targets for the Home Office, the Prison, the Police, the Fire and the Probation Services.
=260  \\$bGreat Britain, Home Office,$c1999.
=336  \\$atext$2rdacontent
=337  \\$aunmediated$2rdamedia
=338  \\$avolume$2rdacarrier
=590  \\$aA Home Office publication under section 95 of the Criminal Justice Act 1991
=650  \0$aLabor
=650  \0$aSociology
=650  \0$aHuman services
=650  \0$aPolitical science
=650  \0$aPublic administration
=653  \\$aLabour studies
=653  \\$aSociology
=653  \\$aPolitical science
=852  41$aBritish Library$bDSC$i1513.791
=CAT  \\$aCONV$b00$c20040425$lBLL90$h0650
=CAT  \\$aCONV$b00$c20040502$lBLL01$h1255
=CAT  \\$aglobal_upd$b40$c20060417$lBLL01$h0641
=CAT  \\$asigle_ddc$b40$c20070409$lBLL01$h1932
=CAT  \\$aBATCH-UPD$b40$c20070709$lBLL01$h1045
=CAT  \\$aBATCH$b00$c20091209$lBLL01$h0157
=CAT  \\$aBATCH-UPD$b00$c20130315$lBLL01$h0539
=FIN  \\$aY
=LEO  \\$aMP8.0001568717
=SRC  \\$aDSC01$bbibmp8.200404.2.ac
=LAS  \\$aBATCH-UPD$b00$c20130315$lBLL01$h0539

