=LDR  01317 am a22003853u 4500
=001  008495595
=003  Uk
=005  20201017085641.0
=008  990909|1997\\\\|||\\\\||\\\\\000\||eng\|
=FMT  \\$a  BK
=019  g\$aadv4000001008
=019  a\$aG05864518
=020  \\$a0858390744
=040  \\$aUk$cUk
=100  1\$aHan, Shaowei.
=245  10$aUNISURV S49: carrier phase-based long range kinematic positioning.
=260  \\$bUniversity of New South Wales, School of Surveying,$c1997.
=336  \\$atext$2rdacontent
=337  \\$aunmediated$2rdamedia
=338  \\$avolume$2rdacarrier
=598  \\$aOrder cancelled, no response to order 2/2/2001
=883  0\$aLanguage codes assigned by Bayesian analysis of words present in record$d20200826$qUk$c0.9919
=852  41$aBritish Library$bDSC$i9090.7854
=945  \\$aUnisurv report S
=966  \\$uc$lACQUIS 02/02/2001
=985  \\$aUpgraded by BSS-generated file for WR2009-0365
=CAT  \\$aCONV$b00$c20040425$lBLL90$h0650
=CAT  \\$aCONV$b00$c20040502$lBLL01$h1255
=CAT  \\$aglobal_upd$b40$c20060417$lBLL01$h0641
=CAT  \\$aBATCH$b00$c20091209$lBLL01$h0157
=CAT  \\$aW2009-0365$b00$c20201017$lBLL01$h0856
=FIN  \\$aY
=LEO  \\$aMP8.0001571390
=SRC  \\$aDSC01$bbibmp8.200404.2.ac
=LAS  \\$aW2009-0365$b00$c20201017$lBLL01$h0856

