=LDR  01444 am a22004573u 4500
=001  008496046
=003  Uk
=005  20080110163525.0
=008  000801s2000\\\\pk\\\\\||\\\\\000\||eng\\
=FMT  \\$a  BK
=019  g\$aadv500084758X
=019  a\$aG05867035
=020  \\$a0195793056 :$cNo price
=020  \\$a0195793064 (pbk)
=040  \\$aStDuBDS$dUk
=082  04$a338.954$221
=245  00$aHuman development in South Asia 1999 /$cMahbub ul Haq Human Development Centre.
=260  \\$aKarachi ;$aOxford :$bOxford University Press,$c2000.
=300  \\$a200p. :$bill. ;$c29cm.
=336  \\$atext$2rdacontent
=337  \\$aunmediated$2rdamedia
=338  \\$avolume$2rdacarrier
=500  \\$aIncludes index.
=504  \\$aBibliography.
=598  \\$aPROV.RECORD
=651  \0$aSouth Asia$xEconomic policy.
=651  \0$aSouth Asia$xEconomic conditions.
=710  2\$aMahbub ul Haq Human Development Centre.
=852  41$aBritish Library$bDSC$i4336.05436
=916  \\$a710=NOTNAL
=945  \\$aHuman development in South Asia
=966  \\$lACQUIS 21/07/2000
=CAT  \\$aCONV$b00$c20040425$lBLL90$h0650
=CAT  \\$aCONV$b00$c20040502$lBLL01$h1255
=CAT  \\$aglobal_upd$b40$c20060417$lBLL01$h0641
=CAT  \\$a4039$b40$c20080110$lBLL01$h1635
=CAT  \\$aBATCH$b00$c20091209$lBLL01$h0157
=FIN  \\$aY
=LEO  \\$aMP8.0001573252
=SRC  \\$aDSC01$bbibmp8.200404.2.ac
=LAS  \\$aBATCH$b00$c20091209$lBLL01$h0157

