=LDR  01679 am a22004573u 4500
=001  008496682
=003  Uk
=005  20130504015600.0
=008  011002s1998\\\\enk\\\\||\\\\\000\||eng\\
=FMT  \\$a  BK
=019  g\$aadv5002860443
=019  a\$aG05872317
=020  \\$z0953269710 :$c(pbk.)
=040  \\$aUk$cUk
=100  1\$aScragg, D. G.$q(Donald George),$d1936-
=245  10$aDating and style in Old English composite homilies /$cDonald Scragg.
=260  \\$aCambridge :$bDepartment of Anglo-Saxon, Norse and Celtic,$c1999, c1998.
=300  \\$a24 p. ;$c21 cm.
=336  \\$atext$2rdacontent
=337  \\$aunmediated$2rdamedia
=338  \\$avolume$2rdacarrier
=490  0\$aH.M. Chadwick memorial lectures,$x0962-0702 ;$v9
=650  \0$aEnglish language$yOld English, ca. 450-1100$xStyle.
=650  \0$aEnglish literature$yOld English, ca. 450-1100$xCriticism, Textual.
=650  \0$aSermons, English (Old)$xHistory and criticism.
=710  2\$aUniversity of Cambridge.$bDepartment of Anglo-Saxon, Norse & Celtic.
=852  41$aBritish Library$bDSC$i4319.261
=945  \\$aHM Chadwick memorial lectures ; 9
=966  \\$lACQUIS 21/09/2001
=985  \\$aRecord amended for WR# 13/070
=CAT  \\$aCONV$b00$c20040425$lBLL90$h0650
=CAT  \\$aCONV$b00$c20040502$lBLL01$h1255
=CAT  \\$a9572$b40$c20050511$lBLL01$h1728
=CAT  \\$aglobal_upd$b40$c20060417$lBLL01$h0641
=CAT  \\$aBATCH$b00$c20091209$lBLL01$h0158
=CAT  \\$aBATCH$b00$c20091224$lBLL01$h2355
=CAT  \\$aWR13_070$b00$c20130504$lBLL01$h0156
=FIN  \\$aY
=LEO  \\$aMP8.0001575669
=SRC  \\$aDSC01$bbibmp8.200404.2.ac
=LAS  \\$aWR13_070$b00$c20130504$lBLL01$h0156

