=LDR  01182 am a22003613u 4500
=001  008502185
=003  Uk
=005  20201017085703.0
=008  991125|1997\\\\|||\\\\||\\\\\000\||eng\|
=FMT  \\$a  BK
=019  g\$aadv500016797X
=019  a\$aG05912190
=020  \\$a0617005893
=040  \\$aUk$cUk
=245  00$aRailway directory :$ba railway gazette year book 1997.
=260  \\$bReed Business Publications,$c1997.
=336  \\$atext$2rdacontent
=337  \\$aunmediated$2rdamedia
=338  \\$avolume$2rdacarrier
=883  0\$aLanguage codes assigned by Bayesian analysis of words present in record$d20200826$qUk$c0.9919
=852  41$aBritish Library$bDSC$i7245.58
=945  \\$aRailway directory
=966  \\$lACQUIS 26/11/99
=985  \\$aUpgraded by BSS-generated file for WR2009-0365
=CAT  \\$aCONV$b00$c20040425$lBLL90$h0651
=CAT  \\$aCONV$b00$c20040502$lBLL01$h1255
=CAT  \\$aglobal_upd$b40$c20060417$lBLL01$h0644
=CAT  \\$aBATCH$b00$c20091209$lBLL01$h0200
=CAT  \\$aW2009-0365$b00$c20201017$lBLL01$h0857
=FIN  \\$aY
=LEO  \\$aMP8.0001588964
=SRC  \\$aDSC01$bbibmp8.200404.2.ac
=LAS  \\$aW2009-0365$b00$c20201017$lBLL01$h0857

