=LDR  01473cam a22004453u 4500
=001  008511491
=003  Uk
=005  20050216122025.0
=008  031218s1999\\\\si\\\\\||\\\\\100\||eng\\
=FMT  \\$a  BK
=019  a\$aG07998622
=019  g\$aadv5005029141
=020  \\$a9810241542
=040  \\$aUk$cUk
=CNF  \\$aEuropean Working Group on Operational Research Applied to Health services (Meeting)$n(24th :$d1998 Jul :$cRome)
=245  10$aMonitoring, evaluating, planning health services :$bORAHS'98.
=260  \\$bWorld Scientific Publishing$c1999
=260  \\$bWorld Scientific,$c1999.
=336  \\$atext$2rdacontent
=337  \\$aunmediated$2rdamedia
=338  \\$avolume$2rdacarrier
=591  \\$aPapers.
=653  \\$aoperational resaerch
=653  \\$ahealth services
=653  \\$aORAHS
=653  \\$amonitoring
=700  1\$aAngelis, V De.$eEd.
=710  2\$aEuropean Working Group on Operational Research Applied to Health Services.
=852  41$aBritish Library$bDSC$im05/.13413
=CAT  \\$aCONV$b00$c20040425$lBLL90$h0656
=CAT  \\$aCONV$b00$c20040502$lBLL01$h1255
=CAT  \\$a6933$b40$c20050216$lBLL01$h1220
=CAT  \\$aglobal_upd$b40$c20060417$lBLL01$h0647
=CAT  \\$aBATCH-UPD$b40$c20070306$lBLL01$h0132
=CAT  \\$aBATCH$b00$c20091209$lBLL01$h0204
=FIN  \\$aY
=LEO  \\$aMP8.0001906648
=SRC  \\$aMOP01$bbibm1.200404.2.aa
=SRC  \\$aDSC01$bbibmp8.200404.2.ac
=LAS  \\$aBATCH$b00$c20091209$lBLL01$h0204

