=LDR  01552 as a22004817a 4500
=001  008565975
=003  Uk
=005  20041111171954.0
=008  040417c20029999enkar\\\\\s\\\0\\\a0eng\\
=FMT  \\$a  SE
=040  \\$aUk$beng$cUk
=042  \\$aukblsr
=082  04$a338.76655$222
=110  2\$aTOTAL (Firm)
=240  10$aFactbook (TOTAL (Firm))
=245  10$aFactbook /$cTOTAL.
=260  \\$aParis ;$a[Great Britain] :$bTOTAL,$c2003-
=300  \\$av. :$bill. (some col. ; col. maps) ;$c30 cm.
=310  \\$aAnnual
=336  \\$atext$2rdacontent
=337  \\$aunmediated$2rdamedia
=338  \\$avolume$2rdacarrier
=362  1\$a2002-
=610  20$aTOTAL (Firm)$xFinance$vPeriodicals.
=610  20$aTOTAL (Firm)$vStatistics$vPeriodicals.
=690  7\$aManagement and Business Studies$2blcoll
=852  41$aBritish Library$bSTI$cBIPC$kTrade Literature Collection
=A02  \\$a3025625$z0
=CAT  \\$aCONV$b00$c20040425$lBLL90$h0714
=CAT  \\$a3072$b40$c20040728$lBLL01$h1722
=CAT  \\$a3072$b40$c20040729$lBLL01$h0758
=CAT  \\$a3072$b40$c20040928$lBLL01$h1627
=CAT  \\$a3072$b40$c20040929$lBLL01$h1143
=CAT  \\$a3072$b40$c20040929$lBLL01$h1201
=CAT  \\$a9572$b40$c20041111$lBLL01$h1719
=CAT  \\$aBATCH$b00$c20090527$lBLL01$h1804
=CAT  \\$aBATCH$b00$c20091209$lBLL01$h0225
=CAT  \\$aBATCH$b00$c20091214$lBLL01$h0333
=CAT  \\$aBATCH$b00$c20091216$lBLL01$h0113
=FIN  \\$aY
=SRC  \\$aDSS04$bbibld.200404.2.aa
=TCO  \\$aCLA$bCLA$c008
=LAS  \\$aBATCH$b00$c20091216$lBLL01$h0113

