=LDR  01568 am a2200481ua 4500
=001  009912423
=003  Uk
=005  20091122125900.0
=008  011001s2001\\\\stka\\\||\\\\\001\||eng\\
=FMT  \\$a  BK
=015  \\$aGBA155753$2bnb
=019  y\$abA155753
=019  9\$abA155753
=019  1\$abA155753
=020  \\$cNo price (pbk.)
=039  0\$a2662
=040  \\$aUk$cUk
=082  04$a027.041025$221
=245  00$aScottish library and inforamtion resources /$cedited by Gordon Dunsire and Jenny Forman.
=250  \\$a13th ed.
=260  \\$aHamilton :$bScottish Library Association,$c2001.
=300  \\$a178 p. :$bill. ;$c21 cm.
=336  \\$atext$2rdacontent
=337  \\$aunmediated$2rdamedia
=338  \\$avolume$2rdacarrier
=500  \\$aPrevious ed.: 2000.
=504  \\$aIncludes bibliographical references and index.
=650  \0$aLibrary planning$zScotland.
=650  \0$aInformation services$zScotland$xPlanning.
=700  1\$aDunsire, Gordon.
=700  1\$aForman, Jenny.
=710  2\$aScottish Library Association.
=886  2\$2ukmarc$a910$b20$aLibrary Association$cScottish Library Association$xSee$aScottish Library Association$z710
=852  11$aBritish Library$bHMNTS$kHUR$h027.0411
=CAT  \\$aCONV$b00$c20040425$lBLL90$h0723
=CAT  \\$aCONV$b00$c20040502$lBLL01$h1342
=CAT  \\$aBATCH$b00$c20091122$lBLL01$h1259
=FIN  \\$aY
=LEO  \\$aMP5.0001468938
=LEO  \\$aMP13.0000231167
=SRC  \\$aBNB03$bbibmp5.200404.2.ac
=SRC  \\$aHSS01$bbibmp13.200404.2.aa
=LAS  \\$aBATCH$b00$c20091122$lBLL01$h1259

