=LDR  02367cam a22005653u 4500
=001  006448737
=003  Uk
=005  20230331160418.0
=008  980817s1999\\\\enkac\\||\\\\\001\||eng\\
=FMT  \\$a  BK
=019  a\$aG05630833
=020  \\$a0415148790 :$c£50.00
=040  \\$aStDuBDS$dUk
=082  04$a302.2345$221
=100  1\$aMorley, David,$d1949-
=245  14$aThe Nationwide television studies /$cDavid Morley and Charlotte Brunsdon.
=260  \\$aLondon :$bRoutledge,$c1999.
=300  \\$aix,326p. :$bill. ;$cports ;$c24cm.
=336  \\$atext$2rdacontent
=337  \\$aunmediated$2rdamedia
=338  \\$avolume$2rdacarrier
=490  0\$aRoutledge research in cultural and media studies ;$v6
=504  \\$aIncludes bibliographical references and index.
=505  0\$aContents: Everyday television: 'Nationwide'. Originally published: British Film Institute, 1978 - The 'Nationwide' audience. Originally published: British Film Institute, 1980.
=540  \\$aCurrent Copyright Fee: GBP34.00$c0$5Uk
=600  14$aMorley, David,$d1949-$t'Nationwide' audience$xHistory and criticism.
=600  14$aMorley, David,$d1949-$tEveryday television: 'Nationwide'$xHistory and criticism.
=610  24$aBritish Broadcasting Corporation.
=630  04$aNationwide (Television programme)
=650  \0$aTelevision viewers$zGreat Britain.
=700  1\$aBrunsdon, Charlotte,$d1952-
=700  1\$aMorley, David,$d1949-$t'Nationwide' audience.
=700  1\$aMorley, David,$d1949-$tEveryday television: 'Nationwide'.
=852  41$aBritish Library$bDSC$i8026.5153
=CAT  \\$aCONV$b00$c20040502$lBLL01$h1139
=CAT  \\$aglobal_upd$b40$c20060416$lBLL01$h0119
=CAT  \\$a5100$b40$c20091028$lBLL01$h0859
=CAT  \\$aBATCH$b00$c20091207$lBLL01$h0055
=CAT  \\$aBATCH-UPD$b00$c20150307$lBLL01$h1717
=CAT  \\$aBATCH-UPD$b00$c20170311$lBLL01$h1730
=CAT  \\$aBATCH-CLAB$c20220330$lBLL01$h1808
=CAT  \\$aIPL-CLA$c20220331$lBLL01$h2109
=CAT  \\$aBATCH-CLAB$c20230324$lBLL01$h1420
=CAT  \\$aIPL-CLA$c20230331$lBLL01$h1604
=CFI  0\$aCurrent Copyright Fee: GBP34.00$c0$e01-apr-2023$fGBP34.00$g0$hC$5Uk
=CFI  2\$aPrevious Copyright Fee: GBP28.00$c0$e01-apr-2022$fGBP28.00$g0$hC$5Uk
=FIN  \\$aY
=LEO  \\$aMP8.0001472775
=SRC  \\$aDSC01$bbibmp8.200404.2.ab
=LAS  \\$aIPL-CLA$b00$c20230331$lBLL01$h1604

