=LDR  01150 am a22003613u 4500
=001  006489173
=003  Uk
=005  20091207011400.0
=008  990712s1988\\\\xxu\\\\||\\\\\100\||eng\\
=FMT  \\$a  BK
=019  a\$aG05819897
=040  \\$aUk$cUk
=CNF  \\$aPalmen memorial symposium on extratropical cyclones$d(1988 Aug :$cHelsinki)
=245  10$aPalmen memorial symposium on extratropical cyclones.
=260  \\$bAmerican Meteorological Society,$c1988.
=336  \\$atext$2rdacontent
=337  \\$aunmediated$2rdamedia
=338  \\$avolume$2rdacarrier
=591  \\$aPapers.
=595  \\$aSee also q92/02501 for further papers.
=653  \\$aPalmen
=653  \\$aextratropical cyclones
=653  \\$ameteorological
=710  2\$aAmerican Meteorological Society.
=852  41$aBritish Library$bDSC$mq89/08619
=CAT  \\$aCONV$b00$c20040502$lBLL01$h1142
=CAT  \\$aglobal_upd$b40$c20060416$lBLL01$h0134
=CAT  \\$aBATCH-UPD$b40$c20070309$lBLL01$h1802
=CAT  \\$aBATCH$b00$c20091207$lBLL01$h0114
=FIN  \\$aY
=LEO  \\$aMP8.0001554421
=SRC  \\$aDSC01$bbibmp8.200404.2.ac
=LAS  \\$aBATCH$b00$c20091207$lBLL01$h0114

