=LDR  01038 am a22003373u 4500
=001  006491378
=003  Uk
=005  20091207011500.0
=008  990719s1987\\\\enk\\\\||\\\\\100\||eng\\
=FMT  \\$a  BK
=019  a\$aG05832587
=040  \\$aUk$cUk
=CNF  \\$aCAD/CAM software and applications (Workshop)$d(1987 Jan :$cCranfield)
=245  10$aPapers from the IUSC workshop in CAD/CAM software and applications.
=260  \\$b[np],$c1987.
=336  \\$atext$2rdacontent
=337  \\$aunmediated$2rdamedia
=338  \\$avolume$2rdacarrier
=591  \\$aPapers.
=653  \\$aCAD/CAM software
=710  2\$aInter University Software Committee.
=852  41$aBritish Library$bDSC$m88/28691
=976  \\$ap
=CAT  \\$aCONV$b00$c20040502$lBLL01$h1142
=CAT  \\$aglobal_upd$b40$c20060416$lBLL01$h0135
=CAT  \\$aBATCH-UPD$b40$c20070309$lBLL01$h1803
=CAT  \\$aBATCH$b00$c20091207$lBLL01$h0115
=FIN  \\$aY
=LEO  \\$aMP8.0001559049
=SRC  \\$aDSC01$bbibmp8.200404.2.ac
=LAS  \\$aBATCH$b00$c20091207$lBLL01$h0115

