=LDR  01345 am a22003853u 4500
=001  006497422
=003  Uk
=005  20100212174200.0
=008  990909s1986\\\\enk\\\\||\\\\\100\||eng\\
=FMT  \\$a  BK
=019  a\$aG05860370
=040  \\$aUk$cUk
=111  2\$aMining methods (Symposium)$d(1986 :$cHarrogate)
=CNF  \\$aMining methods (Symposium)$d(1986 :$cHarrogate)
=245  00$aMining methods :$bmethods, systems, equipment and services directly associated with high production faces in deep coal mining.$nVol 1,$pTechnical papers.
=260  \\$bInstitution of Mining Engineers,$c1986.
=336  \\$atext$2rdacontent
=337  \\$aunmediated$2rdamedia
=338  \\$avolume$2rdacarrier
=591  \\$aPapers.
=653  \\$amining
=653  \\$amining methods
=653  \\$amining engineers
=710  2\$aInstitution of Mining Engineers (Great Britain)
=852  41$aBritish Library$bDSC$m87/16609
=CAT  \\$aCONV$b00$c20040502$lBLL01$h1142
=CAT  \\$aglobal_upd$b40$c20060416$lBLL01$h0137
=CAT  \\$a5100$b40$c20090609$lBLL01$h1534
=CAT  \\$aBATCH-UPD$b40$c20090609$lBLL01$h1534
=CAT  \\$aBATCH$b00$c20091207$lBLL01$h0119
=CAT  \\$aBATCH-UPD$b00$c20100212$lBLL01$h1742
=FIN  \\$aY
=LEO  \\$aMP8.0001570283
=SRC  \\$aDSC01$bbibmp8.200404.2.ac
=LAS  \\$aBATCH-UPD$b00$c20100212$lBLL01$h1742

