=LDR  02439cam a22006613u 4500
=001  006545900
=003  Uk
=005  20220331211053.0
=008  010131s2000\\\\enka\\\||\\\\\101\||eng\\
=FMT  \\$a  BK
=010  \\$a00048572
=019  g\$aadv5002761801
=019  a\$aG07071043
=020  \\$a0851158145
=020  \\$cNo price
=040  \\$aDLC$cDLC$dUk
=082  04$a940.1$221
=CNF  \\$aConcepts and patterns of service in the later Middle Ages (Conference)$d(1998 Sep :$cReading)
=245  00$aConcepts and patterns of service in the later Middle Ages /$cedited by Anne Curry and Elizabeth Matthew.
=260  \\$aWoodbridge :$bBoydell Press,$c2000.
=300  \\$axxiii, 195 p. :$bill. ;$c24 cm.
=336  \\$atext$2rdacontent
=337  \\$aunmediated$2rdamedia
=338  \\$avolume$2rdacarrier
=490  0\$aThe fifteenth century ;$vv. 1
=504  \\$aIncludes bibliographical references and index.
=591  \\$aPapers.
=540  \\$aCurrent Copyright Fee: GBP50.00$c0$5Uk
=650  \0$aNational service$zEngland$xHistory$yTo 1500$vCongresses.
=650  \0$aNational service$zScotland$xHistory$yTo 1500$vCongresses.
=650  \0$aNational service$zFrance$xHistory$yTo 1500$vCongresses.
=650  \0$aDomestics$zEngland$xHistory$yTo 1500$vCongresses.
=650  \0$aDomestics$zScotland$xHistory$yTo 1500$vCongresses.
=650  \0$aDomestics$zFrance$xHistory$yTo 1500$vCongresses.
=650  \0$aPublic officers$xHistory$yTo 1500$vCongresses.
=650  \0$aFeudalism$vCongresses.
=650  \0$aCivilization, Medieval$vCongresses.
=653  \\$alater Middle Ages
=653  \\$apatterns
=653  \\$aMiddle Ages
=700  1\$aCurry, Anne,$d1954-
=700  1\$aMatthew, Elizabeth.
=852  41$aBritish Library$bDSC$i3925.432
=945  \\$aFifteenth century ; v 1
=966  \\$lACQUIS 30/10/2001
=966  \\$lACQUIS 02/05/2002
=CAT  \\$aCONV$b00$c20040502$lBLL01$h1143
=CAT  \\$aglobal_upd$b40$c20060416$lBLL01$h0156
=CAT  \\$aBATCH-UPD$b40$c20070309$lBLL01$h1815
=CAT  \\$aBATCH$b00$c20091207$lBLL01$h0141
=CAT  \\$aBATCH$b00$c20091224$lBLL01$h2242
=CAT  \\$aBATCH-CLAB$c20220330$lBLL01$h1819
=CAT  \\$aIPL-CLA$c20220331$lBLL01$h2110
=CFI  0\$aCurrent Copyright Fee: GBP50.00$c0$e01-apr-2022$fGBP50.00$g0$hC$5Uk
=FIN  \\$aY
=LEO  \\$aMP8.0001666788
=SRC  \\$aDSC01$bbibmp8.200404.2.ac
=LAS  \\$aIPL-CLA$b00$c20220331$lBLL01$h2110

