=LDR  02141cam a22005293u 4500
=001  006586030
=003  Uk
=005  20230331160518.0
=008  011019s2001\\\\enk\\\\||\\\\\100\||eng\\
=FMT  \\$a  BK
=019  a\$aG07307663
=020  \\$a0754613380
=040  \\$aUk$cUk
=082  04$a620.82$221
=CNF  \\$aEngineering psychology and cognitive ergonomics (International conference)$n(3rd :$d2000 Oct :$cEdinburgh)
=245  00$aEngineering psychology and cognitive ergonomics :$bIndustrial ergonomics, HCI, and applied cognitive psychology.$nVol. 6,$pIndustrial ergonomics, HCI, and applied cognitive psychology /$cedited by Don Harris.
=260  \\$aAldershot :$bAshgate,$c2001.
=336  \\$atext$2rdacontent
=337  \\$aunmediated$2rdamedia
=338  \\$avolume$2rdacarrier
=591  \\$aPapers. Based on those presented at the conference.
=595  \\$aSee also m01/33088 for additional papers and 4542.17227 vol 5 no 3 2001 for selected papers.
=540  \\$aCurrent Copyright Fee: GBP34.00$c0$5Uk
=650  \0$aHuman engineering$vCongresses.
=653  \\$aengineering psychology
=653  \\$acognitive ergonomics
=653  \\$aindustrial ergonomics
=653  \\$aHCI
=653  \\$aapplied cognitive psychology
=700  1\$aHarris, Don,$d1961-
=852  41$aBritish Library$bDSC$i3766.565
=945  \\$aEngineering psychology and cognitive ergonomics ; no 1
=CAT  \\$aCONV$b00$c20040502$lBLL01$h1144
=CAT  \\$aglobal_upd$b40$c20060416$lBLL01$h0212
=CAT  \\$aBATCH-UPD$b40$c20070310$lBLL01$h0106
=CAT  \\$aBATCH$b00$c20091207$lBLL01$h0157
=CAT  \\$aBATCH-UPD$b00$c20100212$lBLL01$h1744
=CAT  \\$aBATCH-CLAB$c20220330$lBLL01$h1756
=CAT  \\$aIPL-CLA$c20220331$lBLL01$h2111
=CAT  \\$aBATCH-CLAB$c20230324$lBLL01$h1412
=CAT  \\$aIPL-CLA$c20230331$lBLL01$h1605
=CFI  0\$aCurrent Copyright Fee: GBP34.00$c0$e01-apr-2023$fGBP34.00$g0$hC$5Uk
=CFI  2\$aPrevious Copyright Fee: GBP28.00$c0$e01-apr-2022$fGBP28.00$g0$hC$5Uk
=FIN  \\$aY
=LEO  \\$aMP8.0001748536
=SRC  \\$aDSC01$bbibmp8.200404.2.ac
=LAS  \\$aIPL-CLA$b00$c20230331$lBLL01$h1605

