=LDR  02570cam a22006613u 4500
=001  006600515
=003  Uk
=005  20230331160524.0
=008  021025s2002\\\\xxu\\\\||b\\\\001\||eng\|
=FMT  \\$a  BK
=019  g\$aadv5003625960
=019  a\$aG07554293
=020  \\$a041593785X (hardback)
=020  \\$cCIP entry
=040  \\$aDLC$cDLC$dUk
=043  \\$an-us---
=050  00$aPS1892.M43
=082  04$a813/.3$221
=100  1\$aMancall, James N.,$d1964-
=245  10$aThoughts painfully intense :$bHawthorne and the invalid author /$cby James N. Mancall.
=260  \\$aNew York :$bRoutledge,$c2002.
=300  \\$ap. cm.
=336  \\$atext$2rdacontent
=337  \\$aunmediated$2rdamedia
=338  \\$avolume$2rdacarrier
=490  0\$aStudies in major literary authors ;$vv. 10
=504  \\$aIncludes bibliographical references and index.
=505  0\$aContents: Fanshawe, the alma mater and the invalid author -- Tremulous hands and devil's claws : short fiction -- Pure hands and witchcraft -- Out of dream-land : the Blithedale romance -- Secret histories and silences -- Haunted quacks and neutral territories.
=546  \\$aBased on the author's thesis (Ph. D.)
=598  \\$aPROV.RECORD
=540  \\$aCurrent Copyright Fee: GBP34.00$c0$5Uk
=600  14$aHawthorne, Nathaniel,$d1804-1864$xKnowledge$xMedicine.
=600  14$aHawthorne, Nathaniel,$d1804-1864$xCharacters$xAuthors.
=650  \0$aLiterature and medicine$zUnited States$xHistory$y19th century.
=650  \0$aAuthorship$xPsychological aspects.
=650  \0$aAuthors$xHealth and hygiene.
=650  \0$aMind and body in literature.
=650  \0$aAuthorship in literature.
=650  \0$aInvalids in literature.
=650  \0$aMedicine in literature.
=650  \0$aLiterature and morals.
=650  \0$aAuthors in literature.
=886  2\$2blmarc$a010$b00$a2002002527
=852  41$aBritish Library$bDSC$i8491.0428
=945  \\$aStudies in major literary authors ; v 10
=966  \\$lACQUIS 18/10/2002
=CAT  \\$aCONV$b00$c20040502$lBLL01$h1145
=CAT  \\$aglobal_upd$b40$c20060416$lBLL01$h0217
=CAT  \\$aBATCH$b00$c20091207$lBLL01$h0203
=CAT  \\$aBATCH$b00$c20091224$lBLL01$h2247
=CAT  \\$aBATCH-UPD$b00$c20131115$lBLL01$h2108
=CAT  \\$aBATCH-CLAB$c20230324$lBLL01$h1421
=CAT  \\$aIPL-CLA$c20230331$lBLL01$h1605
=CFI  0\$aCurrent Copyright Fee: GBP34.00$c0$e01-apr-2023$fGBP34.00$g0$hC$5Uk
=FIN  \\$aY
=LEO  \\$aMP8.0001778116
=SRC  \\$aDSC01$bbibmp8.200404.2.ac
=LAS  \\$aIPL-CLA$b00$c20230331$lBLL01$h1605

