=LDR  01606 am a22003973u 4500
=001  006631764
=003  Uk
=005  20091207021600.0
=008  030227s1998\\\\si\a\\\||\\\\\100\||eng\\
=FMT  \\$a  BK
=019  g\$aadv5004362289
=019  a\$aG07771050
=020  \\$a9810239270
=040  \\$aUk$cUk
=CNF  \\$aNuclear waste and planetary emergencies (International seminar)$n(23rd :$d1998 Aug :$cErice, Italy)
=245  10$aInternational seminar on nuclear war and planetary emergencies :$b23rd session : medicine & biotechnologies, proliferation & weapons of mass destruction, climatology & el nino, desertification, defence against cosmic objects, water & pollution, food, energy, limits of development, the role of permanent monitoring panels.
=260  \\$bWorld Scientific,$c1998.
=336  \\$atext$2rdacontent
=337  \\$aunmediated$2rdamedia
=338  \\$avolume$2rdacarrier
=490  1\$aThe science and culture series : Nuclear strategy and peace technology
=591  \\$aSelected papers.
=653  \\$anuclear waste
=653  \\$aplanetary emergencies
=700  1\$aGoebel, K.$eEd.
=852  41$aBritish Library$bDSC$i4549.25421
=945  \\$aInternational seminar on nuclear war and planetary emergencies ; v 23
=966  \\$lACQUIS 18/02/2003
=CAT  \\$aCONV$b00$c20040502$lBLL01$h1146
=CAT  \\$aglobal_upd$b40$c20060417$lBLL01$h0230
=CAT  \\$aBATCH-UPD$b40$c20070310$lBLL01$h0128
=CAT  \\$aBATCH$b00$c20091207$lBLL01$h0216
=FIN  \\$aY
=LEO  \\$aMP8.0001844299
=SRC  \\$aDSC01$bbibmp8.200404.2.ac
=LAS  \\$aBATCH$b00$c20091207$lBLL01$h0216

