=LDR  01767 am a2200493 a 4500
=001  006738848
=003  Uk
=005  20100810102910.0
=006  ac\\\|||||||||||||
=008  760910s1976\\\\enk\\\\\\\\\\\001\0|eng\\
=FMT  \\$a  BK
=015  \\$aGB7627100$2bnb
=019  1\$a0856052248
=019  y\$aB7627100
=019  9\$a0856052248
=020  \\$a0856052248 (pbk) :$c£8.50
=040  \\$aUk$cUk$dUk
=050  00$aHF5415.2
=082  04$a658.8/3/05$218
=245  00$aInternational directory of published market research /$ccompiled by the British Overseas Trade Board for Her Majesty's Government in association with Research & Finance Management (International) Ltd.
=260  \\$aLondon :$bBritish Overseas Trade Board :$bResearch and Finance Management (International) Ltd,$c1976.
=300  \\$a500 p. :$b1 port. ;$c21 cm.
=336  \\$atext$2rdacontent
=337  \\$aunmediated$2rdamedia
=338  \\$avolume$2rdacarrier
=500  \\$aIncludes index.
=650  \0$aMarket surveys$vBibliography
=650  \0$aMarketing research$vDirectories.
=690  7\$aManagement and Business Studies$2blcoll
=710  2\$aBritish Overseas Trade Board.
=710  2\$aResearch and Finance Management (International)
=852  11$aBritish Library$bDSC$hR016
=CAT  \\$aCONV$b00$c20040502$lBLL01$h1153
=CAT  \\$aglobal_upd$b40$c20060417$lBLL01$h1540
=CAT  \\$aBATCH$b00$c20090517$lBLL01$h1126
=CAT  \\$aBATCH$b00$c20091207$lBLL01$h0241
=CAT  \\$aBATCH-UPD$b00$c20100212$lBLL01$h1756
=CAT  \\$a8456$b40$c20100810$lBLL01$h1029
=FIN  \\$aY
=LEO  \\$aMP3.0000156121
=LEO  \\$aMP13.0002080383
=SRC  \\$aBNB02$bbibmp3.200404.2.aa
=SRC  \\$aHSS01$bbibmp13.200404.2.ad
=LAS  \\$a8456$b40$c20100810$lBLL01$h1029

