=LDR  01492pam a2200469 a 4500
=001  006925968
=003  Uk
=005  20050818095640.0
=008  030804s2004\\\\enk\\\\\\\\\\\000\0\eng\\
=FMT  \\$a  BK
=015  \\$aGBA3V3747$2bnb
=016  7\$a006925968$2Uk
=019  y\$abA3V3747
=019  9\$a1850588104
=020  \\$a1850588104 (pbk) :$c£7.95
=039  0\$a2754
=040  \\$aStDuBDS$dUk
=042  \\$aukblsr
=082  04$a914.25110486$222
=100  1\$aAlmond, Ian,$d1969-
=245  10$aPeak District treasure hunts :$bmystery tours on foot & by car /$cIan Almond.
=260  \\$aWilmslow :$bSigma Leisure,$c2004.
=300  \\$a128 p. :$bmap. ;$c21 cm.
=336  \\$atext$2rdacontent
=337  \\$aunmediated$2rdamedia
=338  \\$avolume$2rdacarrier
=597  \\$aMerged CIP onto LDO for Batch deduplication
=650  \0$aWalking$zEngland$zPeak District$vGuidebooks.
=651  \0$aPeak District (England)$vGuidebooks.
=852  41$aBritish Library$bHMNTS$kYK.2005.a.9296.
=CAT  \\$aCONV$b00$c20040425$lBLL90$h0541
=CAT  \\$aCONV$b00$c20040502$lBLL01$h1230
=CAT  \\$aCIP_LDO_M$b00$c20050604$lBLL01$h1503
=CAT  \\$a12328$b40$c20050815$lBLL01$h1111
=CAT  \\$a10896$b40$c20050818$lBLL01$h0956
=CAT  \\$aWR16_021$c20160608$lBLL01$h1739
=FIN  \\$aY$d20050818
=LDO  \\$aCIP
=LEO  \\$aMP5.0000396370
=SRC  \\$aLDS01$bbiblm.200404.2.aa
=SRC  \\$aBNB03$bbibmp5.200404.2.aa
=LAS  \\$aWR16_021$b00$c20160608$lBLL01$h1739

