=LDR  02667pam a2200721 a 4500
=001  006965515
=003  Uk
=005  20070717012723.0
=008  070705s2007\\\\ie\ac\\\\b\\\\001\0\eng\\
=FMT  \\$a  BK
=015  \\$aGBA3Y0830$2bnb
=016  7\$a006965515$2Uk
=019  y\$abA3Y0830
=019  9\$a0716526506
=020  \\$a9780716526506 (hbk.) :$c£42.50
=020  \\$a0716526506 (hbk.) :$c£42.50
=020  \\$a9780716527770 (pbk.) :$c£18.50
=020  \\$a0716527774 (pbk.) :$c£18.50
=035  \\$a(IeDuTC)IeDuTCb14776643
=039  0\$a2736
=040  \\$aStDuBDS$beng$cStDuBDS$dUk
=042  \\$aukscp
=082  04$a371.82209415$221
=100  1\$aRaftery, Deirdre.
=245  10$aFemale education in Ireland 1700-1900 :$bMinerva or Madonna /$cDeirdre Raftery and Susan M. Parkes ; [foreword by Áine Hyland].
=260  \\$aDublin :$bIrish Academic Press,$c2007.
=300  \\$axvii, 182 p., [8] p. of plates :$bill., ports. ;$c24 cm.
=336  \\$atext$2rdacontent
=337  \\$aunmediated$2rdamedia
=338  \\$avolume$2rdacarrier
=500  \\$aFormerly CIP.$5Uk
=504  \\$aIncludes bibliographical references and index.
=650  \0$aWomen$xEducation$zIreland$xHistory$y18th century.
=650  \0$aWomen$xEducation$zIreland$xHistory$y19th century.
=650  \0$aWomen$zIreland$xSocial conditions$y18th century.
=650  \0$aWomen$zIreland$xSocial conditions$y19th century.
=650  \0$aSex differences in education$zIreland$xHistory$y18th century.
=650  \0$aSex differences in education$zIreland$xHistory$y19th century.
=690  7\$aSocial Welfare$2blcoll
=700  1\$aParkes, Susan M.
=852  41$aBritish Library$bDSC$im07/.23086
=917  \\$aPriority processing
=985  \\$aLDL record matched & merged
=CAT  \\$aCONV$b00$c20040425$lBLL90$h0536
=CAT  \\$aCONV$b00$c20040502$lBLL01$h1208
=CAT  \\$aCIP_LDO_M$b00$c20050604$lBLL01$h1456
=CAT  \\$a10904$b40$c20070517$lBLL01$h0749
=CAT  \\$a9657$b40$c20070521$lBLL01$h1129
=CAT  \\$a9657$b40$c20070521$lBLL01$h1130
=CAT  \\$a9657$b40$c20070521$lBLL01$h1135
=CAT  \\$aBATCH-LDL$b00$c20070717$lBLL01$h0126
=CAT  \\$aBATCH$b00$c20070717$lBLL01$h0127
=CAT  \\$aBATCH-LDL$b00$c20070717$lBLL01$h0127
=CAT  \\$aWR16_021$c20160609$lBLL01$h1943
=CAT  \\$aBATCH-UPD$b00$c20160609$lBLL01$h2025
=CAT  \\$aBATCH-SWP$c20160617$lBLL01$h2227
=CAT  \\$aBATCH-UPD$b00$c20160901$lBLL01$h2045
=FIN  \\$aY$d20070521
=LDO  \\$aCIP
=LEO  \\$aMP5.0000204796
=SRC  \\$aLDS01$bbiblm.200404.2.aa
=SRC  \\$aBNB03$bbibmp5.200404.2.aa
=LAS  \\$aBATCH-UPD$b00$c20160901$lBLL01$h2045

