=LDR  01382cam a2200397 a 4500
=001  007025851
=003  Uk
=005  20091118221400.0
=008  021125s1999\\\\enk\\\\||\\\\\000\||eng\\
=FMT  \\$a  BK
=015  \\$aGBA227223$2bnb
=019  y\$abA227223
=019  9\$abA227223
=020  \\$cNo price
=035  \\$a(StEdNL)E3397209
=039  0\$a2719
=040  \\$aStEdNL$dUk
=100  1\$aBrunker, Philip H.
=245  14$aThe good pleasure of His will :$btwo short theses: My brethren & Not my will, but thine, be done, upon the immutability of God's counsel pertaining to Christ's brethren and His own perfect submission thereto /$cby P.H. Brunker.
=260  \\$aLondon :$bP.H. Brunker,$cc1999.
=300  \\$aiv, 52 p. ;$c21 cm.
=336  \\$atext$2rdacontent
=337  \\$aunmediated$2rdamedia
=338  \\$avolume$2rdacarrier
=600  04$aJesus Christ$xBrethren.
=650  \0$aGod$xWill.
=886  2\$2ukmarc$a900$b10$aBrunker$hP. H.$kPhilip H.$xSee$aBrunker, Philip H.$z100
=886  2\$2ukmarc$a900$b00$aChrist$xSee$aJesus Christ$z600
=852  41$aBritish Library$bHMNTS$iYK.2002.a.22965
=CAT  \\$aCONV$b00$c20040425$lBLL90$h0530
=CAT  \\$aCONV$b00$c20040502$lBLL01$h1207
=CAT  \\$aBATCH$b00$c20091118$lBLL01$h2214
=FIN  \\$aY
=LEO  \\$aMP5.0000010830
=SRC  \\$aBNB03$bbibmp5.200404.2.aa
=LAS  \\$aBATCH$b00$c20091118$lBLL01$h2214

