=LDR  03744cas a2200925 a 4500
=001  007031321
=003  Uk
=005  20221231181642.0
=006  aa\\\|||||||||||||
=008  030317c199u9999enk|||p|||r\\\0\\\|0eng\\
=FMT  \\$a  SE
=015  \\$aGBA322720$2bnb
=019  y\$abA322720
=019  9\$abA322720
=019  0\$as684803003
=039  0\$a2735
=040  \\$aUk$cUk
=082  04$a338.76137028$221
=084  \\$aAA 661$2blsrissc
=245  00$aEducation today.$pHandbook and buyers' guide.
=260  \\$aMaidstone :$bDatateam.
=300  \\$av. :$bill. ;$c24 cm.
=336  \\$atext$2rdacontent
=337  \\$aunmediated$2rdamedia
=338  \\$avolume$2rdacarrier
=500  \\$aDescription based on: 2003 issue.
=580  \\$aSupplement to: Education today (Maidstone, England)
=597  \\$aEnhanced$bSRIS DDC
=540  \\$aCurrent Copyright Fee: GBP25.00$c0$5Uk
=650  \0$aSchools$zGreat Britain$xFurniture, equipment, etc.$vDirectories.
=650  \0$aElementary schools$xServices for$zGreat Britain$vDirectories.
=650  \0$aHigh schools$xServices for$zGreat Britain$vDirectories.
=690  7\$aManagement and Business Studies$2blcoll
=730  0\$aEducation today (Maidstone, England),$x1460-0463.
=852  11$aBritish Library$bSTI$k(B)$kAA 661$mBusiness$2blsrissc$32003-2004
=852  71$aBritish Library$bSTI$cRES$kAA 661$m-E(20)$2blsrissc$32003-2004
=957  \\$a021220c
=CAT  \\$aCONV$b00$c20040425$lBLL90$h0531
=CAT  \\$aBATCH-CLA$b00$c20080829$lBLL01$h1826
=CAT  \\$aBATCH-UPD$b00$c20080930$lBLL01$h2311
=CAT  \\$aBATCH$b00$c20081001$lBLL01$h0030
=CAT  \\$aBATCH$b00$c20090517$lBLL01$h1802
=CAT  \\$aBATCH$b00$c20091118$lBLL01$h2217
=CAT  \\$aBATCH-UPD$b00$c20101201$lBLL01$h1206
=CAT  \\$aIPL-CLA$c20101231$lBLL01$h1138
=CAT  \\$aWR11_203$c20111204$lBLL01$h1242
=CAT  \\$aIPL-CLA$c20111230$lBLL01$h1642
=CAT  \\$aBATCH-CLA$b00$c20121103$lBLL01$h1034
=CAT  \\$a6537$b40$c20130429$lBLL01$h1535
=CAT  \\$aBATCH-CLA$c20131213$lBLL01$h1954
=CAT  \\$aIPL-CLA$c20131231$lBLL01$h1825
=CAT  \\$aWR14_140$c20140905$lBLL01$h1709
=CAT  \\$aBATCH-CLA$b00$c20161222$lBLL01$h1650
=CAT  \\$aIPL-CLA$c20161230$lBLL01$h1752
=CAT  \\$aBATCH-CLA$b00$c20171222$lBLL01$h1944
=CAT  \\$aIPL-CLA$c20171231$lBLL01$h1329
=CAT  \\$aBATCH-CLA$b00$c20191219$lBLL01$h1615
=CAT  \\$aIPL-CLA$c20191231$lBLL01$h1704
=CAT  \\$aR2001-1524$c20200127$lBLL01$h1920
=CAT  \\$aBATCH-CLA$b00$c20201204$lBLL01$h1410
=CAT  \\$aIPL-CLA$c20201231$lBLL01$h1859
=CAT  \\$aBATCH-CLA$b00$c20221221$lBLL01$h1713
=CAT  \\$aIPL-CLA$c20221231$lBLL01$h1816
=CFI  0\$aCurrent Copyright Fee: GBP25.00$c0$e01-jan-2023$fGBP25.00$g0$hA$5Uk
=CFI  2\$aPrevious Copyright Fee: GBP22.50$c0$e01-jan-2021$fGBP22.50$g0$hA$5Uk
=FIN  \\$aY
=LEO  \\$aMP5.0000020072
=LEO  \\$aMP25.0000362651
=SRC  \\$aDSS03$bbibsr.200404.2.aa
=SRC  \\$aBNB03$bbibmp5.200404.2.aa
=SRC  \\$aSRI01$bbibmp25.200404.2.aa
=TCO  \\$aCLA$bCLA$c008
=ACF  \\$aPrevious Copyright Fee: GBP6.00$c0$e01-oct-2008$fGBP6.00$g0$hC$5Uk
=ACF  \\$aPrevious copyright fee: GBP10.50$c0$e01-jan-2011$fGBP10.50$g0$hA$5Uk
=ACF  \\$aPrevious copyright fee: GBP12.00$c0$e01-jan-2012$fGBP12.00$g0$hA$5Uk
=ACF  \\$aPrevious Copyright Fee: GBP12.30$c0$e01-jan-2014$fGBP12.30$g0$hA$5Uk
=ACF  \\$aPrevious Copyright Fee: GBP15.00$c0$e01-jan-2017$fGBP15.00$g0$hA$5Uk
=ACF  \\$aPrevious Copyright Fee: GBP17.50$c0$e01-jan-2018$fGBP17.50$g0$hA$5Uk
=ACF  \\$aPrevious Copyright Fee: GBP20.00$c0$e01-jan-2020$fGBP20.00$g0$hA$5Uk
=LAS  \\$aIPL-CLA$b00$c20221231$lBLL01$h1816

