=LDR  01997 as a2200589 a 4500
=001  007073729
=003  Uk
=005  20080711153030.0
=006  aa\\\|||||||||||||
=007  ta
=008  980708c19959999enkqr\p\\\\\\\0\\\a0eng\\
=FMT  \\$a  SE
=015  \\$aGB9850710$2bnb
=019  y\$ab9850710
=019  9\$ab9850710
=019  0\$as640172008
=039  0\$a2499
=040  \\$aUk$cUk$dUk
=082  04$a338.47673$221
=084  \\$aTG 15$2blsrissc
=245  04$aThe UK non-ferrous castings market development.
=260  \\$aManchester (John Dalton House, 121 Deansgate, Manchester, M3 2BX) :$bMarket & Business Development
=300  \\$av. ;$c30 cm.
=310  \\$aQuarterly
=336  \\$atext$2rdacontent
=337  \\$aunmediated$2rdamedia
=338  \\$avolume$2rdacarrier
=362  1\$aBegan in 1995?
=500  \\$aDescription based on: Quarter 1 1998.
=650  \0$aMarket surveys$zGreat Britain$vPeriodicals.
=650  \0$aNonferrous metals$xFounding$zGreat Britain$vPeriodicals.
=650  \0$aNonferrous metal industries$zGreat Britain$vPeriodicals.
=690  7\$aManagement and Business Studies$2blcoll
=710  2\$aMarket & Business Development Ltd.
=852  71$aBritish Library$bSTI$cRES$k(XP) TG 15$m-E(5)$2blsrissc$31998 Quarter 1, 1999 Quarters 1, 2 and 4
=985  \\$aRecord merged by DQ team
=CAT  \\$aCONV$b00$c20040425$lBLL90$h0616
=CAT  \\$aCONV$b00$c20040502$lBLL01$h1209
=CAT  \\$a6550$b40$c20080711$lBLL01$h1530
=CAT  \\$aBATCH$b00$c20090517$lBLL01$h1804
=CAT  \\$aBATCH$b00$c20091207$lBLL01$h0327
=CAT  \\$aBATCH690$c20100715$lBLL01$h2100
=CAT  \\$aBATCH-MBS$c20100716$lBLL01$h2045
=CAT  \\$aWR14_140$c20140905$lBLL01$h1711
=FIN  \\$aY
=LEO  \\$aMP5.0001500731
=LEO  \\$aMP25.0000323682
=SRC  \\$aBNB03$bbibmp5.200404.2.ac
=SRC  \\$aSRI01$bbibmp25.200404.2.aa
=SRC  \\$aDSS03$bbibsr.200404.2.aa
=TCO  \\$aCLA$bCLA$c008
=LAS  \\$aWR14_140$b00$c20140905$lBLL01$h1711

