=LDR  01675 am a22004573u 4500
=001  007131540
=003  Uk
=005  20190614183237.0
=008  040421|1998\\\\|||\\\\||\\\\\000\||eng\\
=FMT  \\$a  BK
=019  8\$angb199824608
=019  a\$aG05678205
=040  \\$aUk$cUk
=072  \7$a05K$2sigle
=082  04$a410$222
=110  2\$aUniversity of Essex.$bDepartment of Language and Linguistics.
=245  00$a... if you see what I mean :$bessays on language, presented to Keith Brown on the occasion of his retirement in 1998.
=260  \\$bUniversity of Essex, Department of Language and Linguistics,$c1998.
=336  \\$atext$2rdacontent
=337  \\$aunmediated$2rdamedia
=338  \\$avolume$2rdacarrier
=490  0\$aEssex research reports in linguistics
=650  \0$aLinguistics
=653  \\$aLinguistics
=883  0\$aLanguage codes assigned by Bayesian analysis of words present in record$d20181024$qUk$c0.997
=852  41$aBritish Library$bDSC$i3812.0975
=945  \\$aEssex research reports in linguistics
=985  \\$aCorrected by BSS-generated file
=CAT  \\$aCONV$b00$c20040425$lBLL90$h0648
=CAT  \\$aCONV$b00$c20040502$lBLL01$h1210
=CAT  \\$aglobal_upd$b40$c20060417$lBLL01$h0344
=CAT  \\$asigle_ddc$b40$c20070409$lBLL01$h1913
=CAT  \\$aBLSS-CORR$b00$c20080705$lBLL01$h2140
=CAT  \\$aBATCH-UPD$b00$c20081210$lBLL01$h1251
=CAT  \\$aBATCH$b00$c20091207$lBLL01$h0353
=CAT  \\$aBATCH-UPD$b00$c20130321$lBLL01$h0514
=CAT  \\$aW1903-1550$b00$c20190614$lBLL01$h1832
=FIN  \\$aY
=LEO  \\$aMP8.0001493043
=SRC  \\$aDSC01$bbibmp8.200404.2.ab
=LAS  \\$aW1903-1550$b00$c20190614$lBLL01$h1832

