=LDR  01433 cm a22004333  4500
=001  004765759
=003  Uk
=005  20191219160008.0
=008  870422s1916\\\\xxu|||\||||||||||\\\eng\|
=FMT  \\$a  MU
=019  e\$acpm8701708
=028  22$a5344-4$bT.B. Harms & Francis, Day & Hunter
=040  \\$aUk$cUk
=082  14$a780$215
=100  1\$aKern, Jerome,$d1885-1945.
=245  10$aIf Mr. Ragtime ever gets into that war. /$cWords by Schuyler Greene. Music by Jerome Kern and Otto Motzan.
=264  \1$aN.Y. :$bT.B. Harms & Francis, Day & Hunter,$cc1916.
=300  \\$a1 score (5 pages) ;$c(folio)
=336  \\$anotated music$2rdacontent
=337  \\$aunmediated$2rdamedia
=338  \\$avolume$2rdacarrier
=340  \\$mfolio$2rdabf
=500  \\$aSong.
=500  \\$aPl. no. 5344-4.
=700  1\$aMotzan, Otto,$d1880-1937.
=852  41$aBritish Library$bMUSIC$oH
=957  \\$aC160606
=985  \\$aCorrected by MS generated file for WR# 1805-0738
=CAT  \\$aCONV$b00$c20040502$lBLL01$h1038
=CAT  \\$aBATCH$b00$c20091205$lBLL01$h2104
=CAT  \\$a7416$b40$c20120124$lBLL01$h1612
=CAT  \\$aWR15_100$c20150905$lBLL01$h0153
=CAT  \\$a1805-0738$c20181214$lBLL01$h1810
=CAT  \\$a1805-0738$b00$c20181214$lBLL01$h1848
=CAT  \\$a14843$b40$c20191219$lBLL01$h1600
=FIN  \\$aY
=LEO  \\$aMP16.0000007210
=SRC  \\$aCPM02$bbibmp16.200404.2.aa
=LAS  \\$a14843$b40$c20191219$lBLL01$h1600

