=LDR  01291 cm a22004093  4500
=001  004768279
=003  Uk
=005  20181214184900.0
=008  880412s1942\\\\enk|||\||||||||||\\\eng\|
=FMT  \\$a  MU
=019  e\$acpm8816764
=028  22$a5525
=040  \\$aUk$cUk
=082  14$a780$215
=100  1\$aTimberg, Sammy,$d1903-1992.
=245  00$aBoy, oh boy! /$cWords by Frank Loesser. Music by Sammy Timberg.
=300  \\$a1 score (3 pages) ;$c4º
=336  \\$anotated music$2rdacontent
=337  \\$aunmediated$2rdamedia
=338  \\$avolume$2rdacarrier
=340  \\$m4to$2rdabf
=500  \\$aPl.no. 5525.
=580  \\$aIn: Carmichael (Hoagy) Hoppity goes to town. [1942].
=852  41$aBritish Library$bMUSIC$oG
=957  \\$aC420213
=985  \\$aCorrected by MS generated file for WR# 1805-0738
=CAT  \\$aCONV$b00$c20040502$lBLL01$h1038
=CAT  \\$aBATCH$b00$c20091205$lBLL01$h2105
=CAT  \\$a12179$b40$c20101020$lBLL01$h1612
=CAT  \\$aBATCH-UPD$b40$c20110303$lBLL01$h2151
=CAT  \\$aWR15_100$c20150905$lBLL01$h0154
=CAT  \\$a1805-0738$c20181214$lBLL01$h1811
=CAT  \\$a1805-0738$b00$c20181214$lBLL01$h1849
=FIN  \\$aY
=LEO  \\$aMP16.0000013508
=SRC  \\$aCPM02$bbibmp16.200404.2.aa
=LAS  \\$a1805-0738$b00$c20181214$lBLL01$h1849

