=LDR  00908 am a22003013  4500
=001  005345566
=003  Uk
=005  20091205230600.0
=008  970304|||||||||gw\\\\\||\\\\||||\||ger\|
=FMT  \\$a  BK
=019  0\$as027235009
=040  \\$aUk$cUk
=084  \\$aEK 20$2blsrissc
=110  2\$aRoser, C. F. (Firm)
=245  10$a100 Jahre Lederfabrik Stuttgart-Feuerbach, 1834-1934.
=260  \\$aStuttgart :$bStähle & Friedel,$c[1934]
=300  \\$a60p. ;$c26cm.
=336  \\$atext$2rdacontent
=337  \\$aunmediated$2rdamedia
=338  \\$avolume$2rdacarrier
=500  \\$aContains 1 folded sketch.
=852  71$aBritish Library$bSTI$cRES$kTrade Literature Collection$2blsrissc
=CAT  \\$aCONV$b00$c20040502$lBLL01$h1057
=CAT  \\$aBATCH$b00$c20091205$lBLL01$h2306
=FIN  \\$aY
=LEO  \\$aMP26.0000000015
=SRC  \\$aSRI02$bbibmp26.200404.2.aa
=LAS  \\$aBATCH$b00$c20091205$lBLL01$h2306

