=LDR  00897 am a22003013  4500
=001  005345575
=003  Uk
=005  20091205230600.0
=008  970318|||||||||ge\\\\\||\\\\||||\||ger\|
=FMT  \\$a  BK
=019  0\$as054701007
=040  \\$aUk$cUk
=084  \\$aLX 67$2blsrissc
=110  2\$aHeine & Co.
=245  10$a75 Jahre Heine & Co. Aktiengesellschaft, [1859-1934].
=260  \\$aLeipzig :$bHeine & Co.,$c[1934]
=300  \\$a2 leaves,pp.7-100 ;$c24cm.
=336  \\$atext$2rdacontent
=337  \\$aunmediated$2rdamedia
=338  \\$avolume$2rdacarrier
=500  \\$aContains 4 plates.
=852  71$aBritish Library$bSTI$cRES$kTrade Literature Collection$2blsrissc
=CAT  \\$aCONV$b00$c20040502$lBLL01$h1057
=CAT  \\$aBATCH$b00$c20091205$lBLL01$h2306
=FIN  \\$aY
=LEO  \\$aMP26.0000000024
=SRC  \\$aSRI02$bbibmp26.200404.2.aa
=LAS  \\$aBATCH$b00$c20091205$lBLL01$h2306

