=LDR  01183 am a22003613  4500
=001  005345593
=003  Uk
=005  20200619192447.0
=008  971118|1928\\\\gw\\\\\||\\\\||||\||ger\|
=FMT  \\$a  BK
=019  0\$as067330002
=040  \\$aUk$cUk
=084  \\$aUJ 05$2blsrissc
=110  2\$aAllgemeine Elektricitäts-Gesellschaft (Germany)
=245  10$a25 Jahre A.E.G. :$bDampfturbinen.
=264  \1$aBerlin :$bV.D.I. Verlag,$c1928.
=300  \\$a132 pages ;$c4º
=336  \\$atext$2rdacontent
=337  \\$aunmediated$2rdamedia
=338  \\$avolume$2rdacarrier
=852  71$aBritish Library$bSTI$cRES$kTrade Literature$2blsrissc
=985  \\$aCorrected by MS generated file for WR# 1805-0738
=CAT  \\$aCONV$b00$c20040502$lBLL01$h1057
=CAT  \\$aBATCH$b00$c20091205$lBLL01$h2306
=CAT  \\$a12179$b40$c20100914$lBLL01$h1216
=CAT  \\$aBATCH-UPD$b40$c20100917$lBLL01$h2034
=CAT  \\$a1805-0738$c20181214$lBLL01$h1828
=CAT  \\$a1805-0738$b00$c20181214$lBLL01$h1903
=CAT  \\$aW2001-2376$c20200619$lBLL01$h1924
=FIN  \\$aY
=LEO  \\$aMP26.0000000042
=SRC  \\$aSRI02$bbibmp26.200404.2.aa
=LAS  \\$aW2001-2376$b00$c20200619$lBLL01$h1924

