=LDR  00821 am a22002893  4500
=001  005345598
=003  Uk
=005  20091205230600.0
=008  970506|1929\\\\ge\\\\\||\\\\||||\||ger\|
=FMT  \\$a  BK
=019  0\$as068422008
=040  \\$aUk$cUk
=084  \\$aHT 19$2blsrissc
=110  2\$aFölsche, R. (Company)
=245  10$aR. Fol̈sche, 1879-1929.
=260  \\$aHalle-Saale,$c1929.
=300  \\$a3 leaves, 27p.
=336  \\$atext$2rdacontent
=337  \\$aunmediated$2rdamedia
=338  \\$avolume$2rdacarrier
=852  71$aBritish Library$bSTI$cRES$kTrade Literature Collection$2blsrissc
=CAT  \\$aCONV$b00$c20040502$lBLL01$h1057
=CAT  \\$aBATCH$b00$c20091205$lBLL01$h2306
=FIN  \\$aY
=LEO  \\$aMP26.0000000047
=SRC  \\$aSRI02$bbibmp26.200404.2.aa
=LAS  \\$aBATCH$b00$c20091205$lBLL01$h2306

