=LDR  01209 am a22003493  4500
=001  005345641
=003  Uk
=005  20200619192447.0
=008  970408|1930\\\\enk\\\\||\\\\||||\||eng\|
=FMT  \\$a  BK
=019  0\$as068883005
=040  \\$aUk$cUk
=084  \\$aNM 152$2blsrissc
=110  2\$aGas Light and Coke Company.
=245  12$aA record of progress :$bpublished on the occasion of the absorption of the areas of the Grays and Tilbury Gas Company and the Pinner Gas Company, Ltd. : January 1930.
=264  \1$a[London],$c1930.
=300  \\$a36 pages ;$c(8º)
=336  \\$atext$2rdacontent
=337  \\$aunmediated$2rdamedia
=338  \\$avolume$2rdacarrier
=500  \\$aWith one map.
=852  71$aBritish Library$bSTI$cRES$kTrade Literature$2blsrissc
=985  \\$aCorrected by MS generated file for WR# 1805-0738
=CAT  \\$aCONV$b00$c20040502$lBLL01$h1057
=CAT  \\$aBATCH$b00$c20091205$lBLL01$h2306
=CAT  \\$a1805-0738$c20181214$lBLL01$h1828
=CAT  \\$a1805-0738$b00$c20181214$lBLL01$h1903
=CAT  \\$aW2001-2376$c20200619$lBLL01$h1924
=FIN  \\$aY
=LEO  \\$aMP26.0000000090
=SRC  \\$aSRI02$bbibmp26.200404.2.aa
=LAS  \\$aW2001-2376$b00$c20200619$lBLL01$h1924

