=LDR  01046 am a22003373  4500
=001  005345668
=003  Uk
=005  20181214190300.0
=008  980421|||||||||gw\\\\\||\\\\||||\||ger\|
=FMT  \\$a  BK
=019  0\$as069174008
=040  \\$aUk$cUk
=084  \\$aQL 60$2blsrissc
=110  2\$aEmil Busch, A. -G.
=245  10$a125 Jahre Busch Optik :$b1800 - 1925.
=264  \1$aCharlottenburg :$bW. Raue,$c[1925?]
=300  \\$a28 pages ;$c(8º)
=336  \\$atext$2rdacontent
=337  \\$aunmediated$2rdamedia
=338  \\$avolume$2rdacarrier
=340  \\$m8vo$2rdabf
=852  71$aBritish Library$bSTI$cRES$kTrade Literature Collection$2blsrissc
=985  \\$aCorrected by MS generated file for WR# 1805-0738
=CAT  \\$aCONV$b00$c20040502$lBLL01$h1057
=CAT  \\$aBATCH$b00$c20091205$lBLL01$h2306
=CAT  \\$a1805-0738$c20181214$lBLL01$h1828
=CAT  \\$a1805-0738$b00$c20181214$lBLL01$h1903
=FIN  \\$aY
=LEO  \\$aMP26.0000000117
=SRC  \\$aSRI02$bbibmp26.200404.2.aa
=LAS  \\$a1805-0738$b00$c20181214$lBLL01$h1903

