=LDR  01141 am a22003493  4500
=001  005345976
=003  Uk
=005  20200619192452.0
=008  970506|1931\\\\enk\\\\||\\\\||||\||eng\|
=FMT  \\$a  BK
=019  0\$as070513007
=040  \\$aUk$cUk
=084  \\$aHR 840$2blsrissc
=110  2\$aCadbury Brothers.
=245  12$aA century of progress, 1831-1931 :$bCadbury, Bournville /$c[by I.B. Rogers].
=264  \1$aBournville,$c1931.
=300  \\$a88 pages ;$c(8º)
=336  \\$atext$2rdacontent
=337  \\$aunmediated$2rdamedia
=338  \\$avolume$2rdacarrier
=852  71$aBritish Library$bSTI$cRES$kTrade Literature Collection$2blsrissc
=985  \\$aCorrected by MS generated file for WR# 1805-0738
=CAT  \\$aCONV$b00$c20040502$lBLL01$h1057
=CAT  \\$a12179$b40$c20070627$lBLL01$h1345
=CAT  \\$aBATCH$b00$c20091205$lBLL01$h2306
=CAT  \\$a1805-0738$c20181214$lBLL01$h1828
=CAT  \\$a1805-0738$b00$c20181214$lBLL01$h1903
=CAT  \\$aW2001-2376$c20200619$lBLL01$h1924
=FIN  \\$aY
=LEO  \\$aMP26.0000000425
=SRC  \\$aSRI02$bbibmp26.200404.2.aa
=LAS  \\$aW2001-2376$b00$c20200619$lBLL01$h1924

