=LDR  01057 am a22003373  4500
=001  005345989
=003  Uk
=005  20200619192453.0
=008  970624|1931\\\\stk\\\\||\\\\||||\||eng\|
=FMT  \\$a  BK
=019  0\$as070591008
=040  \\$aUk$cUk
=084  \\$aRC 43(M)$2blsrissc
=110  2\$aMavor and Coulson Ltd.
=245  10$aFifty years of pioneering, 1881-1931.
=264  \1$aGlasgow,$c1931.
=300  \\$a26 pages ;$c(8º)
=336  \\$atext$2rdacontent
=337  \\$aunmediated$2rdamedia
=338  \\$avolume$2rdacarrier
=852  71$aBritish Library$bSTI$cRES$kTrade Literature Collection$2blsrissc
=985  \\$aCorrected by MS generated file for WR# 1805-0738
=CAT  \\$aCONV$b00$c20040502$lBLL01$h1057
=CAT  \\$aBATCH$b00$c20091205$lBLL01$h2306
=CAT  \\$a1805-0738$c20181214$lBLL01$h1828
=CAT  \\$a1805-0738$b00$c20181214$lBLL01$h1903
=CAT  \\$aW2001-2376$c20200619$lBLL01$h1924
=FIN  \\$aY
=LEO  \\$aMP26.0000000438
=SRC  \\$aSRI02$bbibmp26.200404.2.aa
=LAS  \\$aW2001-2376$b00$c20200619$lBLL01$h1924

