=LDR  01106 am a22003493  4500
=001  005346371
=003  Uk
=005  20200619192458.0
=008  970708s1932\\\\enk\\\\||\\\\||||\||eng\|
=FMT  \\$a  BK
=019  0\$as071856005
=040  \\$aUk$cUk
=084  \\$aTT 45$2blsrissc
=110  2\$aMarryat and Scott, Ltd.
=245  10$aMarryat-Scott lift maintenance manual.
=264  \1$aLondon,$c[1932?]
=300  \\$a48 pages ;$c(8º)
=336  \\$atext$2rdacontent
=337  \\$aunmediated$2rdamedia
=338  \\$avolume$2rdacarrier
=852  71$aBritish Library$bSTI$cBIPC$kTrade Literature Collection$2blsrissc
=985  \\$aCorrected by MS generated file for WR# 1805-0738
=CAT  \\$aCONV$b00$c20040502$lBLL01$h1057
=CAT  \\$aBATCH$b00$c20091205$lBLL01$h2306
=CAT  \\$a8874$b40$c20101118$lBLL01$h1301
=CAT  \\$a1805-0738$c20181214$lBLL01$h1828
=CAT  \\$a1805-0738$b00$c20181214$lBLL01$h1903
=CAT  \\$aW2001-2376$c20200619$lBLL01$h1924
=FIN  \\$aY
=LEO  \\$aMP26.0000000820
=SRC  \\$aSRI02$bbibmp26.200404.2.aa
=LAS  \\$aW2001-2376$b00$c20200619$lBLL01$h1924

