=LDR  01036 am a22003373  4500
=001  005346483
=003  Uk
=005  20181214190300.0
=008  970513|||||||||enk\\\\||\\\\||||\||eng\|
=FMT  \\$a  BK
=019  0\$as072163003
=040  \\$aUk$cUk
=084  \\$aDE 108(B)$2blsrissc
=110  2\$aBristol Brewery Georges and Company, Ltd.
=245  10$a1788-1932 :$b144 years of brewing.
=264  \1$aBristol,$c[1932]
=300  \\$a32 pages ;$c(8º)
=336  \\$atext$2rdacontent
=337  \\$aunmediated$2rdamedia
=338  \\$avolume$2rdacarrier
=340  \\$m8vo$2rdabf
=852  71$aBritish Library$bSTI$kTrade Literature Collection
=985  \\$aCorrected by MS generated file for WR# 1805-0738
=CAT  \\$aCONV$b00$c20040502$lBLL01$h1057
=CAT  \\$aBATCH$b00$c20091205$lBLL01$h2306
=CAT  \\$a1805-0738$c20181214$lBLL01$h1828
=CAT  \\$a1805-0738$b00$c20181214$lBLL01$h1903
=FIN  \\$aY
=LEO  \\$aMP26.0000000932
=SRC  \\$aSRI02$bbibmp26.200404.2.aa
=LAS  \\$a1805-0738$b00$c20181214$lBLL01$h1903

