=LDR  01063 am a22003373  4500
=001  005346765
=003  Uk
=005  20200619192503.0
=008  970729|1933\\\\enk\\\\||\\\\||||\||eng\|
=FMT  \\$a  BK
=019  0\$as072864001
=040  \\$aUk$cUk
=084  \\$aRA 21$2blsrissc
=110  2\$aEvershed and Vignoles Ltd.
=245  10$aEarth resistance measurement :$ba handbook.
=264  \1$aLondon,$c1933.
=300  \\$a52 pages ;$c(8º)
=336  \\$atext$2rdacontent
=337  \\$aunmediated$2rdamedia
=338  \\$avolume$2rdacarrier
=852  71$aBritish Library$bSTI$cRES$kTrade Literature Collection$2blsrissc
=985  \\$aCorrected by MS generated file for WR# 1805-0738
=CAT  \\$aCONV$b00$c20040502$lBLL01$h1057
=CAT  \\$aBATCH$b00$c20091205$lBLL01$h2306
=CAT  \\$a1805-0738$c20181214$lBLL01$h1828
=CAT  \\$a1805-0738$b00$c20181214$lBLL01$h1903
=CAT  \\$aW2001-2376$c20200619$lBLL01$h1925
=FIN  \\$aY
=LEO  \\$aMP26.0000001214
=SRC  \\$aSRI02$bbibmp26.200404.2.aa
=LAS  \\$aW2001-2376$b00$c20200619$lBLL01$h1925

