=LDR  00883 am a22002893  4500
=001  005346969
=003  Uk
=005  20091205230700.0
=008  970304|||||||||gw\\\\\||\\\\||||\||ger\|
=FMT  \\$a  BK
=019  0\$as073484008
=040  \\$aUk$cUk
=084  \\$aLD 133$2blsrissc
=110  2\$aSimon und Dürkheim, J.
=245  10$a150 Jahre J. Simon und Dürkheim :$bchemische- und Seifenfabrik, 1783- 1933.
=260  \\$aOffenbach a.M. :$bSimon und Dürkheim,$c[1933]
=300  \\$a16p.
=336  \\$atext$2rdacontent
=337  \\$aunmediated$2rdamedia
=338  \\$avolume$2rdacarrier
=852  71$aBritish Library$bSTI$cRES$kTrade Literature$2blsrissc
=CAT  \\$aCONV$b00$c20040502$lBLL01$h1057
=CAT  \\$aBATCH$b00$c20091205$lBLL01$h2307
=FIN  \\$aY
=LEO  \\$aMP26.0000001418
=SRC  \\$aSRI02$bbibmp26.200404.2.aa
=LAS  \\$aBATCH$b00$c20091205$lBLL01$h2307

