=LDR  01016 am a22003373  4500
=001  005347035
=003  Uk
=005  20181214190300.0
=008  970408|||||||||xxu\\\\||\\\\||||\||eng\|
=FMT  \\$a  BK
=019  0\$as073698008
=040  \\$aUk$cUk
=084  \\$aWA 07$2blsrissc
=110  2\$aStoody Company.
=245  10$aOil field welding.
=264  \1$a[Whittier, Calif.],$c[1934]
=300  \\$a42 pages ;$c(8º)
=336  \\$atext$2rdacontent
=337  \\$aunmediated$2rdamedia
=338  \\$avolume$2rdacarrier
=340  \\$m8vo$2rdabf
=852  71$aBritish Library$bSTI$cRES$kTrade Literature Collection$2blsrissc
=985  \\$aCorrected by MS generated file for WR# 1805-0738
=CAT  \\$aCONV$b00$c20040502$lBLL01$h1057
=CAT  \\$aBATCH$b00$c20091205$lBLL01$h2307
=CAT  \\$a1805-0738$c20181214$lBLL01$h1828
=CAT  \\$a1805-0738$b00$c20181214$lBLL01$h1903
=FIN  \\$aY
=LEO  \\$aMP26.0000001484
=SRC  \\$aSRI02$bbibmp26.200404.2.aa
=LAS  \\$a1805-0738$b00$c20181214$lBLL01$h1903

