=LDR  01083 am a22003373  4500
=001  005347056
=003  Uk
=005  20200619192508.0
=008  960716|1928\\\\xxu\\\\||\\\\||||\||eng\|
=FMT  \\$a  BK
=019  0\$as073756008
=040  \\$aUk$cUk
=084  \\$aSU 89$2blsrissc
=110  2\$aFoote Bros Gear and Machine Company.
=245  10$aIndustrial gears for every purpose :$bgeneral catalogy 204.
=264  \1$aChicago,$c1928.
=300  \\$a664, [662] pages ;$c(8º)
=336  \\$atext$2rdacontent
=337  \\$aunmediated$2rdamedia
=338  \\$avolume$2rdacarrier
=852  71$aBritish Library$bSTI$kTrade literature collection
=985  \\$aCorrected by MS generated file for WR# 1805-0738
=CAT  \\$aCONV$b00$c20040502$lBLL01$h1057
=CAT  \\$aBATCH$b00$c20091205$lBLL01$h2307
=CAT  \\$a1805-0738$c20181214$lBLL01$h1828
=CAT  \\$a1805-0738$b00$c20181214$lBLL01$h1903
=CAT  \\$aW2001-2376$c20200619$lBLL01$h1925
=FIN  \\$aY
=LEO  \\$aMP26.0000001505
=SRC  \\$aSRI02$bbibmp26.200404.2.aa
=LAS  \\$aW2001-2376$b00$c20200619$lBLL01$h1925

