=LDR  01309 am a22003613  4500
=001  005347075
=003  Uk
=005  20200619192508.0
=008  960625s1933\\\\enk\\\\||\\\\||||\||eng\|
=FMT  \\$a  BK
=019  0\$as073804002
=040  \\$aUk$cUk
=084  \\$aVJ 54$2blsrissc
=110  2\$aI.C.I. (Rexine) Ltd.
=245  10$aPractical hints on the uses, application and maintenance of "Rexine" brand leathercloths in the bus and coach building trades.
=264  \1$a[London] :$b[I.C.I.],$c[1933]
=300  \\$a22 l ;$c(8º)
=336  \\$atext$2rdacontent
=337  \\$aunmediated$2rdamedia
=338  \\$avolume$2rdacarrier
=500  \\$aIncludes 6 plates; and 15 leathercloth samples.
=852  71$aBritish Library$bSTI$cRES$kTrade Literature Collection$qCopy at Trade Literature Collection. Mislaid$2blsrissc
=985  \\$aCorrected by MS generated file for WR# 1805-0738
=CAT  \\$aCONV$b00$c20040502$lBLL01$h1057
=CAT  \\$aBATCH$b00$c20091205$lBLL01$h2307
=CAT  \\$a8874$b40$c20140718$lBLL01$h1010
=CAT  \\$a1805-0738$c20181214$lBLL01$h1828
=CAT  \\$a1805-0738$b00$c20181214$lBLL01$h1903
=CAT  \\$aW2001-2376$c20200619$lBLL01$h1925
=FIN  \\$aY
=LEO  \\$aMP26.0000001524
=SRC  \\$aSRI02$bbibmp26.200404.2.aa
=LAS  \\$aW2001-2376$b00$c20200619$lBLL01$h1925

