=LDR  01086 am a22003373  4500
=001  005347131
=003  Uk
=005  20200619192509.0
=008  970812|1934\\\\gw\\\\\||\\\\||||\||ger\|
=FMT  \\$a  BK
=019  0\$as073957003
=040  \\$aUk$cUk
=084  \\$aTP 73$2blsrissc
=110  2\$aKettenwerke Schlieper G.m.b.H.
=245  10$a100 Jahre Schlieper, 1000 Tonnen vergütete Ketten.
=264  \1$bGrüne i. Westf,$c1934.
=300  \\$a78 pages ;$c(8º)
=336  \\$atext$2rdacontent
=337  \\$aunmediated$2rdamedia
=338  \\$avolume$2rdacarrier
=852  71$aBritish Library$bSTI$cRES$kTrade Literature Collection$2blsrissc
=985  \\$aCorrected by MS generated file for WR# 1805-0738
=CAT  \\$aCONV$b00$c20040502$lBLL01$h1057
=CAT  \\$aBATCH$b00$c20091205$lBLL01$h2307
=CAT  \\$a1805-0738$c20181214$lBLL01$h1828
=CAT  \\$a1805-0738$b00$c20181214$lBLL01$h1903
=CAT  \\$aW2001-2376$c20200619$lBLL01$h1925
=FIN  \\$aY
=LEO  \\$aMP26.0000001580
=SRC  \\$aSRI02$bbibmp26.200404.2.aa
=LAS  \\$aW2001-2376$b00$c20200619$lBLL01$h1925

