=LDR  01253 am a22003613  4500
=001  005347222
=003  Uk
=005  20181214190300.0
=008  970812|||||||||gw\\\\\||\\\\||||\||ger\|
=FMT  \\$a  BK
=019  0\$as074184008
=040  \\$aUk$cUk
=084  \\$aSU 87$2blsrissc
=100  1\$aStolzenberg & Co., Gesellschaft mit beschränkter Haftung.
=245  14$aDie geschichtliche Entwicklung des Zahnrades in Theorie und Praxis /$c[von F. M. Feldhaus].
=264  \1$aBerlin-Reinickendorf (West),$c[1911]
=300  \\$a44 pages ;$c(8º)
=336  \\$atext$2rdacontent
=337  \\$aunmediated$2rdamedia
=338  \\$avolume$2rdacarrier
=340  \\$m8vo$2rdabf
=700  1\$aFeldhaus, Franz M.$q(Franz Maria),$d1874-1959.
=852  71$aBritish Library$bSTI$cRES$kTrade Literature Collection$2blsrissc
=985  \\$aCorrected by MS generated file for WR# 1805-0738
=CAT  \\$aCONV$b00$c20040502$lBLL01$h1057
=CAT  \\$aBATCH$b00$c20091205$lBLL01$h2307
=CAT  \\$a9081$b40$c20100427$lBLL01$h0923
=CAT  \\$a1805-0738$c20181214$lBLL01$h1828
=CAT  \\$a1805-0738$b00$c20181214$lBLL01$h1903
=FIN  \\$aY
=LEO  \\$aMP26.0000001671
=SRC  \\$aSRI02$bbibmp26.200404.2.aa
=LAS  \\$a1805-0738$b00$c20181214$lBLL01$h1903

