=LDR  01259 am a22003613  4500
=001  005347233
=003  Uk
=005  20200619192510.0
=008  970812s1928\\\\gw\\\\\||\\\\||||\||ger\|
=FMT  \\$a  BK
=019  0\$as07422400x
=040  \\$aUk$cUk
=084  \\$aRM 76$2blsrissc
=110  2\$aMüller, C. H. F., Aktiengesellschaft.
=245  10$a33 Jahre Müller-Röhren :$bdie Gründung des chirurgischen Rontgeninstitutes am Allgemeinen Krankenhause Hamburg-Eppendorf /$c[von H. Gocht].
=264  \1$a[Hamburg?],$c[1928?]
=300  \\$a44 pages ;$c(8º)
=336  \\$atext$2rdacontent
=337  \\$aunmediated$2rdamedia
=338  \\$avolume$2rdacarrier
=700  1\$aGocht, H.
=852  71$aBritish Library$bSTI$cBIPC$kTrade Literature Collection$2blsrissc
=985  \\$aCorrected by MS generated file for WR# 1805-0738
=CAT  \\$aCONV$b00$c20040502$lBLL01$h1057
=CAT  \\$aBATCH$b00$c20091205$lBLL01$h2307
=CAT  \\$a8874$b40$c20101118$lBLL01$h1259
=CAT  \\$a1805-0738$c20181214$lBLL01$h1828
=CAT  \\$a1805-0738$b00$c20181214$lBLL01$h1903
=CAT  \\$aW2001-2376$c20200619$lBLL01$h1925
=FIN  \\$aY
=LEO  \\$aMP26.0000001682
=SRC  \\$aSRI02$bbibmp26.200404.2.aa
=LAS  \\$aW2001-2376$b00$c20200619$lBLL01$h1925

