=LDR  01052 am a22003373  4500
=001  005347262
=003  Uk
=005  20181214190300.0
=008  970812|||||||||fr\\\\\||\\\\||||\||fre\|
=FMT  \\$a  BK
=019  0\$as074298003
=040  \\$aUk$cUk
=084  \\$aVQ 40$2blsrissc
=110  2\$aChantiers et Ateliers Augustin Normand.
=245  10$aChantiers et Ateliers Augustin Normand.
=264  \1$aLe Havre,$c[1934?]
=300  \\$a40 pages ;$c(8º)
=336  \\$atext$2rdacontent
=337  \\$aunmediated$2rdamedia
=338  \\$avolume$2rdacarrier
=340  \\$m8vo$2rdabf
=852  71$aBritish Library$bSTI$cRES$kTrade Literature Collection$2blsrissc
=985  \\$aCorrected by MS generated file for WR# 1805-0738
=CAT  \\$aCONV$b00$c20040502$lBLL01$h1057
=CAT  \\$aBATCH$b00$c20091205$lBLL01$h2307
=CAT  \\$a1805-0738$c20181214$lBLL01$h1828
=CAT  \\$a1805-0738$b00$c20181214$lBLL01$h1903
=FIN  \\$aY
=LEO  \\$aMP26.0000001711
=SRC  \\$aSRI02$bbibmp26.200404.2.aa
=LAS  \\$a1805-0738$b00$c20181214$lBLL01$h1903

