=LDR  01143 am a22003613  4500
=001  005347288
=003  Uk
=005  20200619192511.0
=008  970812s1932\\\\xxu\\\\||\\\\||||\||eng\|
=FMT  \\$a  BK
=019  0\$as074385003
=040  \\$aUk$cUk
=084  \\$aRU 44$2blsrissc
=110  2\$aTobe Deutschmann Corporation.$bFilterette Division.
=245  10$aRadio noises and their cure.
=250  \\$a4th ed.
=264  \1$aCanton, Mass,$c[1932]
=300  \\$a76 pages ;$c(8º)
=336  \\$atext$2rdacontent
=337  \\$aunmediated$2rdamedia
=338  \\$avolume$2rdacarrier
=852  71$aBritish Library$bSTI$cBIPC$kTrade Literature Collection
=985  \\$aCorrected by MS generated file for WR# 1805-0738
=CAT  \\$aCONV$b00$c20040502$lBLL01$h1057
=CAT  \\$aBATCH$b00$c20091205$lBLL01$h2307
=CAT  \\$a8874$b40$c20101118$lBLL01$h1301
=CAT  \\$a1805-0738$c20181214$lBLL01$h1828
=CAT  \\$a1805-0738$b00$c20181214$lBLL01$h1903
=CAT  \\$aW2001-2376$c20200619$lBLL01$h1925
=FIN  \\$aY
=LEO  \\$aMP26.0000001737
=SRC  \\$aSRI02$bbibmp26.200404.2.aa
=LAS  \\$aW2001-2376$b00$c20200619$lBLL01$h1925

