=LDR  01064 am a22003373  4500
=001  005347310
=003  Uk
=005  20181214190300.0
=008  960910|||||||||sz\\\\\||\\\\||||\||ger\|
=FMT  \\$a  BK
=019  0\$as074439006
=040  \\$aUk$cUk
=084  \\$aST 21(G)$2blsrissc
=110  2\$aGebrüder Sulzer.
=245  10$a100 Jahre Gebrüder Sulzer, 1834-1934.
=264  \1$a[Zurich] :$bArr. Institut Orell Füssli,$c[1934]
=300  \\$a114 pages ;$c4º
=336  \\$atext$2rdacontent
=337  \\$aunmediated$2rdamedia
=338  \\$avolume$2rdacarrier
=340  \\$m4to$2rdabf
=852  71$aBritish Library$bSTI$cRES$kTrade Literature Collection$2blsrissc
=985  \\$aCorrected by MS generated file for WR# 1805-0738
=CAT  \\$aCONV$b00$c20040502$lBLL01$h1057
=CAT  \\$aBATCH$b00$c20091205$lBLL01$h2307
=CAT  \\$a1805-0738$c20181214$lBLL01$h1828
=CAT  \\$a1805-0738$b00$c20181214$lBLL01$h1903
=FIN  \\$aY
=LEO  \\$aMP26.0000001759
=SRC  \\$aSRI02$bbibmp26.200404.2.aa
=LAS  \\$a1805-0738$b00$c20181214$lBLL01$h1903

