=LDR  01190 am a22003493  4500
=001  005347384
=003  Uk
=005  20200619192512.0
=008  970304|1925\\\\enk\\\\||\\\\||||\||eng\|
=FMT  \\$a  BK
=019  0\$as074611003
=040  \\$aUk$cUk
=084  \\$aMD 132$2blsrissc
=110  2\$aPortals Ltd.
=245  14$aThe story of Portals Ltd of Laverstoke :$ba brief account of 200 years successful making of good papers /$c[by Sir W. W. Portal, Bt.].
=264  \1$aLondon :$bPortals Ltd,$c1925.
=300  \\$a20 pages ;$c(8º)
=336  \\$atext$2rdacontent
=337  \\$aunmediated$2rdamedia
=338  \\$avolume$2rdacarrier
=700  1\$aPortal, Sir William Wyndham.
=852  71$aBritish Library$bSTI$cRES$kTrade Literature$2blsrissc
=985  \\$aCorrected by MS generated file for WR# 1805-0738
=CAT  \\$aCONV$b00$c20040502$lBLL01$h1057
=CAT  \\$aBATCH$b00$c20091205$lBLL01$h2307
=CAT  \\$a1805-0738$c20181214$lBLL01$h1828
=CAT  \\$a1805-0738$b00$c20181214$lBLL01$h1903
=CAT  \\$aW2001-2376$c20200619$lBLL01$h1925
=FIN  \\$aY
=LEO  \\$aMP26.0000001833
=SRC  \\$aSRI02$bbibmp26.200404.2.aa
=LAS  \\$aW2001-2376$b00$c20200619$lBLL01$h1925

