=LDR  01083 am a22003613  4500
=001  005347390
=003  Uk
=005  20181214190300.0
=008  960723|||||||||enk\\\\||\\\\||||\||eng\|
=FMT  \\$a  BK
=019  0\$as074626000
=040  \\$aUk$cUk
=084  \\$aTJ 04$2blsrissc
=110  2\$aDronsfield Brothers Ltd.
=245  10$aCard grinding in theory and practice.
=250  \\$a6th ed.
=264  \1$aOldham,$c[1934]
=300  \\$a154 pages ;$c(8º)
=336  \\$atext$2rdacontent
=337  \\$aunmediated$2rdamedia
=338  \\$avolume$2rdacarrier
=340  \\$m8vo$2rdabf
=490  0\$aTreatise ;$vno. 14
=852  71$aBritish Library$bSTI$cBIPC$kTrade Literature Collection
=985  \\$aCorrected by MS generated file for WR# 1805-0738
=CAT  \\$aCONV$b00$c20040502$lBLL01$h1057
=CAT  \\$aBATCH$b00$c20091205$lBLL01$h2307
=CAT  \\$a1805-0738$c20181214$lBLL01$h1828
=CAT  \\$a1805-0738$b00$c20181214$lBLL01$h1903
=FIN  \\$aY
=LEO  \\$aMP26.0000001839
=SRC  \\$aSRI02$bbibmp26.200404.2.aa
=LAS  \\$a1805-0738$b00$c20181214$lBLL01$h1903

