=LDR  01256 am a22003613  4500
=001  005347500
=003  Uk
=005  20200619192514.0
=008  970902|1934\\\\gw\\\\\||\\\\||||\||ger\|
=FMT  \\$a  BK
=019  0\$as074881000
=040  \\$aUk$cUk
=084  \\$aJG 05$2blsrissc
=110  2\$aGebrüder Stollwerck A.G.
=245  10$a50 Jahre Chemikertätigkeit in der deutschen Schokoladen- Indsustrie /$c[von H. Fincke].
=264  \1$aKöln,$c1934.
=300  \\$a32 pages ;$c(8º)
=336  \\$atext$2rdacontent
=337  \\$aunmediated$2rdamedia
=338  \\$avolume$2rdacarrier
=500  \\$aFestschrift zum fünfzigjahrigen Bestehens des Chemischen Laboratoriums der Gebrüder Stollwerck A.G.
=700  1\$aFincke, H.
=852  71$aBritish Library$bSTI$cRES$kTrade Literature Collection$2blsrissc
=985  \\$aCorrected by MS generated file for WR# 1805-0738
=CAT  \\$aCONV$b00$c20040502$lBLL01$h1057
=CAT  \\$aBATCH$b00$c20091205$lBLL01$h2307
=CAT  \\$a1805-0738$c20181214$lBLL01$h1828
=CAT  \\$a1805-0738$b00$c20181214$lBLL01$h1903
=CAT  \\$aW2001-2376$c20200619$lBLL01$h1925
=FIN  \\$aY
=LEO  \\$aMP26.0000001949
=SRC  \\$aSRI02$bbibmp26.200404.2.aa
=LAS  \\$aW2001-2376$b00$c20200619$lBLL01$h1925

