=LDR  01208 am a22003853  4500
=001  005347539
=003  Uk
=005  20200619192514.0
=008  971118|1935\\\\gw\\\\\||\\\\||||\||eng\|
=FMT  \\$a  BK
=019  0\$as075046008
=040  \\$aUk$cUk
=041  1\$aeng$hger
=084  \\$aQR 62(R)$2blsrissc
=100  10$aHeering, Walter.
=245  14$aThe Rolleiflex book.
=264  \1$aHarzburg,$c1935.
=300  \\$a116 pages ;$c(8º)
=336  \\$atext$2rdacontent
=337  \\$aunmediated$2rdamedia
=338  \\$avolume$2rdacarrier
=500  \\$aTranslated from the German by John L. Baring.
=700  1\$aBaring, John L.
=852  71$aBritish Library$bSTI$cRES$kTrade Literature Collection$2blsrissc
=985  \\$aCorrected by MS generated file for WR# 1805-0738
=CAT  \\$aCONV$b00$c20040502$lBLL01$h1057
=CAT  \\$aBATCH$b00$c20091205$lBLL01$h2307
=CAT  \\$a1805-0738$c20181214$lBLL01$h1828
=CAT  \\$a1805-0738$b00$c20181214$lBLL01$h1903
=CAT  \\$aBATCH-UPD$b00$c20181215$lBLL01$h0648
=CAT  \\$aW2001-2376$c20200619$lBLL01$h1925
=FIN  \\$aY
=LEO  \\$aMP26.0000001988
=SRC  \\$aSRI02$bbibmp26.200404.2.aa
=LAS  \\$aW2001-2376$b00$c20200619$lBLL01$h1925

