=LDR  00839 am a22002893  4500
=001  005347700
=003  Uk
=005  20091205230700.0
=008  971216|1938\\\\gw\\\\\||\\\\||||\||ger\|
=FMT  \\$a  BK
=019  0\$as075483009
=040  \\$aUk$cUk
=084  \\$aLT 306$2blsrissc
=110  2\$aLingner-Werke Vertriebs, G.m.b.H.
=245  10$a50 Jahre Lingner-Werke :$b1888-1938.
=260  \\$aDresden,$c1938.
=300  \\$a48p. ;$c30cm.
=336  \\$atext$2rdacontent
=337  \\$aunmediated$2rdamedia
=338  \\$avolume$2rdacarrier
=852  71$aBritish Library$bSTI$cRES$kTrade Literature Collection$2blsrissc
=CAT  \\$aCONV$b00$c20040502$lBLL01$h1057
=CAT  \\$aBATCH$b00$c20091205$lBLL01$h2307
=FIN  \\$aY
=LEO  \\$aMP26.0000002149
=SRC  \\$aSRI02$bbibmp26.200404.2.aa
=LAS  \\$aBATCH$b00$c20091205$lBLL01$h2307

