=LDR  01175 am a22003613  4500
=001  005347714
=003  Uk
=005  20181214190300.0
=008  960716|||||||||enk\\\\||\\\\||||\||eng\|
=FMT  \\$a  BK
=019  0\$as075520001
=040  \\$aUk$cUk
=084  \\$aLG 93$2blsrissc
=110  2\$aRound and Sons, B.J.
=245  14$aThe electro-plating and metal finishing industry and the "Epalex" system /$c[by A. J. Round].
=264  \1$a[Birmingham] :$bB.J. Round and Sons,$c[1935]
=300  \\$a18 pages ;$c(8º)
=336  \\$atext$2rdacontent
=337  \\$aunmediated$2rdamedia
=338  \\$avolume$2rdacarrier
=340  \\$m8vo$2rdabf
=490  0\$aReport ;$vNo. 19
=700  1\$aRound, A. J.
=852  71$aBritish Library$bSTI$cRES$kTrade Literature Collection$2blsrissc
=985  \\$aCorrected by MS generated file for WR# 1805-0738
=CAT  \\$aCONV$b00$c20040502$lBLL01$h1057
=CAT  \\$aBATCH$b00$c20091205$lBLL01$h2307
=CAT  \\$a1805-0738$c20181214$lBLL01$h1828
=CAT  \\$a1805-0738$b00$c20181214$lBLL01$h1903
=FIN  \\$aY
=LEO  \\$aMP26.0000002163
=SRC  \\$aSRI02$bbibmp26.200404.2.aa
=LAS  \\$a1805-0738$b00$c20181214$lBLL01$h1903

