=LDR  01232 am a22003493  4500
=001  005347719
=003  Uk
=005  20200619192516.0
=008  971202|1935\\\\gw\\\\\||\\\\||||\||ger\|
=FMT  \\$a  BK
=019  0\$as075553007
=040  \\$aUk$cUk
=084  \\$aSH 64$2blsrissc
=100  1\$aKlein, Schanzlin und Becker Aktiengesellschaft.
=245  10$aGeschichtliches von der Klein, Schanzlin und Becker Aktiengesellschaft.
=264  \1$aFrankenthal (Pfalz),$c1935.
=300  \\$a20 pages ;$c(8º)
=336  \\$atext$2rdacontent
=337  \\$aunmediated$2rdamedia
=338  \\$avolume$2rdacarrier
=500  \\$aSonderausdruck aus der Monatschrift des Frankenthaler Altentumsvereins 43 Jahrg., Nr.1-3.
=852  71$aBritish Library$bSTI$cBIPC$kTrade Literature Collection$2blsrissc
=985  \\$aCorrected by MS generated file for WR# 1805-0738
=CAT  \\$aCONV$b00$c20040502$lBLL01$h1057
=CAT  \\$aBATCH$b00$c20091205$lBLL01$h2307
=CAT  \\$a1805-0738$c20181214$lBLL01$h1828
=CAT  \\$a1805-0738$b00$c20181214$lBLL01$h1903
=CAT  \\$aW2001-2376$c20200619$lBLL01$h1925
=FIN  \\$aY
=LEO  \\$aMP26.0000002168
=SRC  \\$aSRI02$bbibmp26.200404.2.aa
=LAS  \\$aW2001-2376$b00$c20200619$lBLL01$h1925

