=LDR  01124 am a22003613  4500
=001  005347723
=003  Uk
=005  20200619192517.0
=008  971202|1934\\\\xxu\\\\||\\\\||||\||eng\|
=FMT  \\$a  BK
=019  0\$as075582007
=040  \\$aUk$cUk
=084  \\$aVJ 57$2blsrissc
=110  2\$aGoodyear Tire and Rubber Company.
=245  14$aThe story of the tire.
=250  \\$a[5th ed.]
=264  \1$a[Akron],$c1934.
=300  \\$a48 pages ;$c(8º)
=336  \\$atext$2rdacontent
=337  \\$aunmediated$2rdamedia
=338  \\$avolume$2rdacarrier
=852  71$aBritish Library$bSTI$cRES$kTrade Literature Collection$2blsrissc
=985  \\$aCorrected by MS generated file for WR# 1805-0738
=CAT  \\$aCONV$b00$c20040502$lBLL01$h1057
=CAT  \\$aBATCH$b00$c20091205$lBLL01$h2307
=CAT  \\$a1805-0738$c20181214$lBLL01$h1828
=CAT  \\$a1805-0738$b00$c20181214$lBLL01$h1903
=CAT  \\$a8964$b40$c20190816$lBLL01$h1529
=CAT  \\$aW2001-2376$c20200619$lBLL01$h1925
=FIN  \\$aY
=LEO  \\$aMP26.0000002172
=SRC  \\$aSRI02$bbibmp26.200404.2.aa
=LAS  \\$aW2001-2376$b00$c20200619$lBLL01$h1925

