=LDR  01208 am a22003493  4500
=001  005347806
=003  Uk
=005  20181214190300.0
=008  971202|||||||||enk\\\\||\\\\||||\||eng\|
=FMT  \\$a  BK
=019  0\$as075791005
=040  \\$aUk$cUk
=084  \\$aRC 43(M)$2blsrissc
=110  2\$aMetropolitan-Vickers Electrical Export Company.
=245  10$aBridging the gap :$ba brief outline of some of the activities of the research organisation of Metropolitan-Vickers Electrical Co., Ltd.
=264  \1$aManchester,$c[1935]
=300  \\$a48 pages ;$c(8º)
=336  \\$atext$2rdacontent
=337  \\$aunmediated$2rdamedia
=338  \\$avolume$2rdacarrier
=340  \\$m8vo$2rdabf
=852  71$aBritish Library$bSTI$cRES$kTrade Literature Collection$2blsrissc
=985  \\$aCorrected by MS generated file for WR# 1805-0738
=CAT  \\$aCONV$b00$c20040502$lBLL01$h1057
=CAT  \\$aBATCH$b00$c20091205$lBLL01$h2307
=CAT  \\$a5100$b40$c20171107$lBLL01$h0840
=CAT  \\$a1805-0738$c20181214$lBLL01$h1828
=CAT  \\$a1805-0738$b00$c20181214$lBLL01$h1903
=FIN  \\$aY
=LEO  \\$aMP26.0000002255
=SRC  \\$aSRI02$bbibmp26.200404.2.aa
=LAS  \\$a1805-0738$b00$c20181214$lBLL01$h1903

