=LDR  00989 am a22003133  4500
=001  005347860
=003  Uk
=005  20190423170213.0
=008  970318|1930\\\\gw\\\\\||\\\\||||\||ger\|
=FMT  \\$a  BK
=019  0\$as076002004
=040  \\$aUk$cUk
=084  \\$aLD 41$2blsrissc
=110  2\$aBrunswig, J.F. Firma.
=245  10$a100 Jahre J.F. Brunswig, Malchin, Seifen- und Parfümerie- Fabrik, 1830-1930.
=260  \\$aMalchin :$bJ.F. Brunswig,$c1930.
=300  \\$a46 pages ;$c16 x 23 cm.
=336  \\$atext$2rdacontent
=337  \\$aunmediated$2rdamedia
=338  \\$avolume$2rdacarrier
=500  \\$aLoose-leaf binder.
=852  71$aBritish Library$bSTI$cRES$kTrade Literature Collection$2blsrissc
=CAT  \\$aCONV$b00$c20040502$lBLL01$h1057
=CAT  \\$aBATCH$b00$c20091205$lBLL01$h2307
=CAT  \\$aW1903-0505$b00$c20190423$lBLL01$h1702
=FIN  \\$aY
=LEO  \\$aMP26.0000002309
=SRC  \\$aSRI02$bbibmp26.200404.2.aa
=LAS  \\$aW1903-0505$b00$c20190423$lBLL01$h1702

