=LDR  01120 am a22003493  4500
=001  005348055
=003  Uk
=005  20181214190300.0
=008  970318|||||||||xxu\\\\||\\\\||||\||eng\|
=FMT  \\$a  BK
=019  0\$as076490009
=040  \\$aUk$cUk
=084  \\$aLT 33(A)$2blsrissc
=110  2\$aAmerican Potash and Chemical Corporation.
=245  14$aThe story of American Potash and Chemical Corporation.
=250  \\$a[New ed.]
=264  \1$aTrona, Calif :$bthe Corporation,$c[1936]
=300  \\$a32 pages ;$c(8º)
=336  \\$atext$2rdacontent
=337  \\$aunmediated$2rdamedia
=338  \\$avolume$2rdacarrier
=340  \\$m8vo$2rdabf
=852  71$aBritish Library$bSTI$cRES$kTrade Literature Collection$2blsrissc
=985  \\$aCorrected by MS generated file for WR# 1805-0738
=CAT  \\$aCONV$b00$c20040502$lBLL01$h1057
=CAT  \\$aBATCH$b00$c20091205$lBLL01$h2307
=CAT  \\$a1805-0738$c20181214$lBLL01$h1828
=CAT  \\$a1805-0738$b00$c20181214$lBLL01$h1903
=FIN  \\$aY
=LEO  \\$aMP26.0000002504
=SRC  \\$aSRI02$bbibmp26.200404.2.aa
=LAS  \\$a1805-0738$b00$c20181214$lBLL01$h1903

