=LDR  01120 am a22003493  4500
=001  005348267
=003  Uk
=005  20170803135233.0
=008  970819|||||||||xxk\\\\||\\\\||||\||eng\|
=FMT  \\$a  BK
=019  0\$as077074009
=040  \\$aUk$cUk
=084  \\$aSR 18(W)$2blsrissc
=110  2\$aG. & J. Weir, Ltd.
=245  12$aA fifty year's retrospect :$bG. and J. Weir, Ltd, Cathcart, Glasgow, 1886-1936.
=264  \1$aGlasgow,$c[1936]
=300  \\$a24 pages ;$c(8º)
=336  \\$atext$2rdacontent
=337  \\$aunmediated$2rdamedia
=338  \\$avolume$2rdacarrier
=340  \\$m8vo$2rdabf
=852  71$aBritish Library$bSTI$cRES$kTrade Literature Collection$2blsrissc
=985  \\$aCorrected by MS generated file for WR# 1805-0738
=CAT  \\$aCONV$b00$c20040502$lBLL01$h1057
=CAT  \\$aBATCH$b00$c20091205$lBLL01$h2307
=CAT  \\$a8871$b40$c20170803$lBLL01$h1352
=CAT  \\$a1805-0738$c20181214$lBLL01$h1828
=CAT  \\$a1805-0738$b00$c20181214$lBLL01$h1903
=FIN  \\$aY
=LEO  \\$aMP26.0000002716
=SRC  \\$aSRI02$bbibmp26.200404.2.aa
=LAS  \\$a1805-0738$b00$c20181214$lBLL01$h1903

