=LDR  01092 am a22003373  4500
=001  005348268
=003  Uk
=005  20200619192523.0
=008  970819|1936\\\\gw\\\\\||\\\\||||\||ger\|
=FMT  \\$a  BK
=019  0\$as077076001
=040  \\$aUk$cUk
=084  \\$aSR 19(K)$2blsrissc
=110  2\$aHochtief Aktiengesellschaft für Hoch- und Tiefbauten vorm. Gebr. Helfmann.
=245  10$a40 Jahre, 1896-1936.
=264  \1$aEssen,$c1936.
=300  \\$a56 pages ;$c(8º)
=336  \\$atext$2rdacontent
=337  \\$aunmediated$2rdamedia
=338  \\$avolume$2rdacarrier
=852  71$aBritish Library$bSTI$cRES$kTrade Literature Collection$2blsrissc
=985  \\$aCorrected by MS generated file for WR# 1805-0738
=CAT  \\$aCONV$b00$c20040502$lBLL01$h1057
=CAT  \\$aBATCH$b00$c20091205$lBLL01$h2307
=CAT  \\$a1805-0738$c20181214$lBLL01$h1828
=CAT  \\$a1805-0738$b00$c20181214$lBLL01$h1903
=CAT  \\$aW2001-2376$c20200619$lBLL01$h1925
=FIN  \\$aY
=LEO  \\$aMP26.0000002717
=SRC  \\$aSRI02$bbibmp26.200404.2.aa
=LAS  \\$aW2001-2376$b00$c20200619$lBLL01$h1925

