=LDR  01115 am a22003373  4500
=001  005348408
=003  Uk
=005  20181214190300.0
=008  970902|||||||||enk\\\\||\\\\||||\||eng\|
=FMT  \\$a  BK
=019  0\$as077455002
=040  \\$aUk$cUk
=084  \\$aVN 02$2blsrissc
=110  2\$aHawthorn, Leslie and Company, R. and W., Ltd.
=245  10$aShort history of R. and W. Hawthorn, Leslie and Company, Ltd, locomotive manufacturers.
=264  \1$aNewcastle-on-Tyne,$c[1920?]
=300  \\$a18 pages ;$c(8º)
=336  \\$atext$2rdacontent
=337  \\$aunmediated$2rdamedia
=338  \\$avolume$2rdacarrier
=340  \\$m8vo$2rdabf
=852  71$aBritish Library$bSTI$cRES$kTrade Literature Collection$2blsrissc
=985  \\$aCorrected by MS generated file for WR# 1805-0738
=CAT  \\$aCONV$b00$c20040502$lBLL01$h1057
=CAT  \\$aBATCH$b00$c20091205$lBLL01$h2307
=CAT  \\$a1805-0738$c20181214$lBLL01$h1829
=CAT  \\$a1805-0738$b00$c20181214$lBLL01$h1903
=FIN  \\$aY
=LEO  \\$aMP26.0000002857
=SRC  \\$aSRI02$bbibmp26.200404.2.aa
=LAS  \\$a1805-0738$b00$c20181214$lBLL01$h1903

