=LDR  01113 am a22003493  4500
=001  005348417
=003  Uk
=005  20181215065000.0
=008  970415|||||||||xxu\\\\||\\\\||||\||eng\|
=FMT  \\$a  BK
=019  0\$as077478002
=040  \\$aUk$cUk
=084  \\$aNF 92$2blsrissc
=110  20$aChase Brass and Copper Company.
=245  14$aThe commercially important wrought copper alloys.
=264  \1$aWaterbury, Conn,$c[1936]
=300  \\$a60 pages ;$c(8º)
=336  \\$atext$2rdacontent
=337  \\$aunmediated$2rdamedia
=338  \\$avolume$2rdacarrier
=340  \\$m8vo$2rdabf
=852  71$aBritish Library$bSTI$cRES$kTrade Literature Collection$2blsrissc
=985  \\$aCorrected by MS generated file for WR# 1805-0738
=CAT  \\$aCONV$b00$c20040502$lBLL01$h1057
=CAT  \\$aBATCH$b00$c20091205$lBLL01$h2307
=CAT  \\$a1805-0738$c20181214$lBLL01$h1829
=CAT  \\$a1805-0738$b00$c20181214$lBLL01$h1903
=CAT  \\$aBATCH-UPD$b00$c20181215$lBLL01$h0650
=FIN  \\$aY
=LEO  \\$aMP26.0000002866
=SRC  \\$aSRI02$bbibmp26.200404.2.aa
=LAS  \\$aBATCH-UPD$b00$c20181215$lBLL01$h0650

