=LDR  01200 am a22003373  4500
=001  005348680
=003  Uk
=005  20200619192529.0
=008  970902|1935\\\\gw\\\\\||\\\\||||\||ger\|
=FMT  \\$a  BK
=019  0\$as078171008
=040  \\$aUk$cUk
=084  \\$aSQ 21$2blsrissc
=110  2\$aMetallschlauchfabrik Pforzheim vorm. Hch Witzemann G.m.b.H.
=245  10$a1885-1935 :$bfünfzig Jahre Metallschlauch : zur 50 jährigen Wiederkehr des Jahres der Erfindung und ersten Herstellung des Metallschlauches.
=264  \1$aPforzheim,$c1935.
=300  \\$a68 pages ;$c(8º)
=336  \\$atext$2rdacontent
=337  \\$aunmediated$2rdamedia
=338  \\$avolume$2rdacarrier
=852  71$aBritish Library$bSTI$cRES$kTrade Literature Collection$2blsrissc
=985  \\$aCorrected by MS generated file for WR# 1805-0738
=CAT  \\$aCONV$b00$c20040502$lBLL01$h1057
=CAT  \\$aBATCH$b00$c20091205$lBLL01$h2307
=CAT  \\$a1805-0738$c20181214$lBLL01$h1829
=CAT  \\$a1805-0738$b00$c20181214$lBLL01$h1903
=CAT  \\$aW2001-2376$c20200619$lBLL01$h1925
=FIN  \\$aY
=LEO  \\$aMP26.0000003129
=SRC  \\$aSRI02$bbibmp26.200404.2.aa
=LAS  \\$aW2001-2376$b00$c20200619$lBLL01$h1925

