=LDR  00830 am a22003013  4500
=001  005348947
=003  Uk
=005  20091205230700.0
=008  960702|||||||||enk\\\\||\\\\||||\||eng\|
=FMT  \\$a  BK
=019  0\$as078889006
=040  \\$aUk$cUk
=084  \\$aWM 89$2blsrissc
=110  2\$aVenesta Limited.
=245  10$aFacts about plymax.
=250  \\$a[2nd ed.]
=260  \\$aLondon,$c[1938]
=300  \\$a68p. ;$c29cm.
=336  \\$atext$2rdacontent
=337  \\$aunmediated$2rdamedia
=338  \\$avolume$2rdacarrier
=852  71$aBritish Library$bSTI$cRES$kTrade Literature Collection$2blsrissc
=CAT  \\$aCONV$b00$c20040502$lBLL01$h1057
=CAT  \\$aBATCH$b00$c20091205$lBLL01$h2307
=FIN  \\$aY
=LEO  \\$aMP26.0000003396
=SRC  \\$aSRI02$bbibmp26.200404.2.aa
=LAS  \\$aBATCH$b00$c20091205$lBLL01$h2307

