=LDR  00887 am a22003013  4500
=001  005348968
=003  Uk
=005  20101118130220.0
=008  970902s1935\\\\gw\\\\\||\\\\||||\||ger\|
=FMT  \\$a  BK
=019  0\$as078950007
=040  \\$aUk$cUk
=084  \\$aRM 76$2blsrissc
=110  2\$aMüller, G. H. F., A.- G.
=245  10$aRöntgen Röhren von 1895 bis 1935.
=260  \\$a[Hamburg],$c[1935]
=300  \\$a40[38]p. ;$c26cm.
=336  \\$atext$2rdacontent
=337  \\$aunmediated$2rdamedia
=338  \\$avolume$2rdacarrier
=852  71$aBritish Library$bSTI$cBIPC$kTrade Literature Collection$2blsrissc
=CAT  \\$aCONV$b00$c20040502$lBLL01$h1057
=CAT  \\$aBATCH$b00$c20091205$lBLL01$h2307
=CAT  \\$a8874$b40$c20101118$lBLL01$h1302
=FIN  \\$aY
=LEO  \\$aMP26.0000003417
=SRC  \\$aSRI02$bbibmp26.200404.2.aa
=LAS  \\$a8874$b40$c20101118$lBLL01$h1302

