=LDR  00950 am a22003133  4500
=001  005348993
=003  Uk
=005  20190423170213.0
=008  970304|||||||||enk\\\\||\\\\||||\||eng\|
=FMT  \\$a  BK
=019  0\$as079014003
=040  \\$aUk$cUk
=084  \\$aMJ 60$2blsrissc
=110  2\$aDunlop Rubber Company.
=245  10$a50 years of growth, 1888-1938.
=260  \\$a[London] :$bthe Company,$c[1938]
=300  \\$a16 pages ;$c19 x 24 cm.
=336  \\$atext$2rdacontent
=337  \\$aunmediated$2rdamedia
=338  \\$avolume$2rdacarrier
=852  71$aBritish Library$bSTI$kTrade Literature Collection$2blsrissc
=CAT  \\$aCONV$b00$c20040502$lBLL01$h1057
=CAT  \\$aBATCH$b00$c20091205$lBLL01$h2307
=CAT  \\$a8871$b40$c20120918$lBLL01$h1454
=CAT  \\$aW1903-0505$b00$c20190423$lBLL01$h1702
=FIN  \\$aY
=LEO  \\$aMP26.0000003442
=SRC  \\$aSRI02$bbibmp26.200404.2.aa
=LAS  \\$aW1903-0505$b00$c20190423$lBLL01$h1702

