=LDR  00936 am a22003253  4500
=001  005349079
=003  Uk
=005  20161007155900.0
=008  961015|||||||||enk\\\\||\\\\||||\||eng\|
=FMT  \\$a  BK
=019  0\$as079230008
=040  \\$aUk$cUk
=082  04$a615.11$223
=084  \\$aHD 59$2blsrissc
=110  2\$aBayer Products Ltd.
=245  10$aMedical diary and therapeutic index, 1939.
=260  \\$aLondon,$c[1938]
=300  \\$a172p. ;$c16cm.
=336  \\$atext$2rdacontent
=337  \\$aunmediated$2rdamedia
=338  \\$avolume$2rdacarrier
=650  \0$aPharmacopoeias.
=852  11$aBritish Library$bSTI$cBIPC$kTrade Literature Collection
=CAT  \\$aCONV$b00$c20040502$lBLL01$h1057
=CAT  \\$aBATCH$b00$c20091205$lBLL01$h2308
=CAT  \\$aWR16100153$c20161007$lBLL01$h1559
=FIN  \\$aY
=LEO  \\$aMP26.0000003528
=SRC  \\$aSRI02$bbibmp26.200404.2.aa
=LAS  \\$aWR16100153$b00$c20161007$lBLL01$h1559

