=LDR  01002 am a22003013  4500
=001  005349130
=003  Uk
=005  20091205230800.0
=008  960820|||||||||gw\\\\\||\\\\||||\||ger\|
=FMT  \\$a  BK
=019  0\$as079392008
=040  \\$aUk$cUk
=084  \\$aLT 33(I)$2blsrissc
=110  2\$aI.G. Farberindustrie Aktiengesellschaft.
=245  10$aZur Erinnerung an die 75. Wiederkehr des Gründungstages der Farbwerke, vorm. Meister Lucius und Brüning, 1863-1938 /$c[von H. Pinnow].
=260  \\$a[München] :$b[F. Bruckmann K.G.],$c[1938]
=300  \\$a194p. ;$c27cm.
=336  \\$atext$2rdacontent
=337  \\$aunmediated$2rdamedia
=338  \\$avolume$2rdacarrier
=700  1\$aPinnow, Hermann.
=852  71$aBritish Library$bSTI$cRES$kTrade Literature Collection
=CAT  \\$aCONV$b00$c20040502$lBLL01$h1057
=CAT  \\$aBATCH$b00$c20091205$lBLL01$h2308
=FIN  \\$aY
=LEO  \\$aMP26.0000003579
=SRC  \\$aSRI02$bbibmp26.200404.2.aa
=LAS  \\$aBATCH$b00$c20091205$lBLL01$h2308

