=LDR  00889 am a22003133  4500
=001  005349184
=003  Uk
=005  20091205230800.0
=008  970902|||||||||enk\\\\||\\\\||||\||eng\|
=FMT  \\$a  BK
=019  0\$as07950700x
=040  \\$aUk$cUk
=084  \\$aUF 16(B)$2blsrissc
=110  2\$aBabcock & Wilcox Company.
=245  10$aResearch and steam generation.
=260  \\$aLondon,$c[1939]
=300  \\$a36p. ;$c25cm.
=336  \\$atext$2rdacontent
=337  \\$aunmediated$2rdamedia
=338  \\$avolume$2rdacarrier
=490  0\$vno.1271
=852  71$aBritish Library$bSTI$cRES$kTrade Literature$2blsrissc
=CAT  \\$aCONV$b00$c20040502$lBLL01$h1057
=CAT  \\$a12179$b40$c20090514$lBLL01$h0840
=CAT  \\$aBATCH$b00$c20091205$lBLL01$h2308
=FIN  \\$aY
=LEO  \\$aMP26.0000003633
=SRC  \\$aSRI02$bbibmp26.200404.2.aa
=LAS  \\$aBATCH$b00$c20091205$lBLL01$h2308

