=LDR  00879 am a22002893  4500
=001  005349211
=003  Uk
=005  20091205230800.0
=008  970304|||||||||enk\\\\||\\\\||||\||eng\|
=FMT  \\$a  BK
=019  0\$as079603009
=040  \\$aUk$cUk
=084  \\$aMH 79$2blsrissc
=110  2\$aBritish Xylonite Company Limited.
=245  14$aThe story of the British Xylonite Company Limited, 1877-1937.
=260  \\$aLondon :$bthe Company,$c[1937?]
=300  \\$a32p. ;$c25cm.
=336  \\$atext$2rdacontent
=337  \\$aunmediated$2rdamedia
=338  \\$avolume$2rdacarrier
=852  71$aBritish Library$bSTI$cRES$kTrade Literature Collection$2blsrissc
=CAT  \\$aCONV$b00$c20040502$lBLL01$h1057
=CAT  \\$aBATCH$b00$c20091205$lBLL01$h2308
=FIN  \\$aY
=LEO  \\$aMP26.0000003660
=SRC  \\$aSRI02$bbibmp26.200404.2.aa
=LAS  \\$aBATCH$b00$c20091205$lBLL01$h2308

