=LDR  00876 am a22002893  4500
=001  005349246
=003  Uk
=005  20091205230800.0
=008  970902|||||||||enk\\\\||\\\\||||\||eng\|
=FMT  \\$a  BK
=019  0\$as079737005
=040  \\$aUk$cUk
=084  \\$aRC 43(H)$2blsrissc
=110  2\$aHenley's Telegraph Works Company, W.J., Ltd.
=245  10$aHigh tension research laboratory & testing station.
=260  \\$aGravesend, Kent,$c[1939]
=300  \\$a32p. ;$c26cm.
=336  \\$atext$2rdacontent
=337  \\$aunmediated$2rdamedia
=338  \\$avolume$2rdacarrier
=852  71$aBritish Library$bSTI$cRES$kTrade Literature Collection$2blsrissc
=CAT  \\$aCONV$b00$c20040502$lBLL01$h1057
=CAT  \\$aBATCH$b00$c20091205$lBLL01$h2308
=FIN  \\$aY
=LEO  \\$aMP26.0000003695
=SRC  \\$aSRI02$bbibmp26.200404.2.aa
=LAS  \\$aBATCH$b00$c20091205$lBLL01$h2308

