=LDR  01020 am a22003013  4500
=001  005349301
=003  Uk
=005  20190816152900.0
=008  970902|1939\\\\xxu\\\\||\\\\||||\||eng\|
=FMT  \\$a  BK
=019  0\$as079876005
=040  \\$aUk$cUk
=084  \\$aVJ 57$2blsrissc
=110  2\$aGoodyear Tire and Rubber Company.
=245  14$aThe story of the tire :$b[1939 ed. commemorating] the 100th anniversary of the discovery of the process of vulcanization by Charles Goodyear at Woburn, Mass., in 1839.
=260  \\$aAkron, Ohio,$c1939.
=300  \\$a64p. ;$c26cm.
=336  \\$atext$2rdacontent
=337  \\$aunmediated$2rdamedia
=338  \\$avolume$2rdacarrier
=852  71$aBritish Library$bSTI$cRES$kTrade Literature Collection$2blsrissc
=CAT  \\$aCONV$b00$c20040502$lBLL01$h1057
=CAT  \\$aBATCH$b00$c20091205$lBLL01$h2308
=CAT  \\$a8964$b40$c20190816$lBLL01$h1529
=FIN  \\$aY
=LEO  \\$aMP26.0000003750
=SRC  \\$aSRI02$bbibmp26.200404.2.aa
=LAS  \\$a8964$b40$c20190816$lBLL01$h1529

