=LDR  00851 am a22002773  4500
=001  005349302
=003  Uk
=005  20091205230800.0
=008  970902|1939\\\\gw\\\\\||\\\\||||\||ger\|
=FMT  \\$a  BK
=019  0\$as079878008
=040  \\$aUk$cUk
=084  \\$aWU 15$2blsrissc
=245  00$aKandem 1889-1939 :$bJubiläumsausgabe der Kandem- Hausmitteilungen.
=260  \\$aLeipzig :$bKörting & Mathieson A.-G.,$c1939.
=300  \\$a98p. ;$c25cm.
=336  \\$atext$2rdacontent
=337  \\$aunmediated$2rdamedia
=338  \\$avolume$2rdacarrier
=852  71$aBritish Library$bSTI$cRES$kTrade Literature Collection$2blsrissc
=CAT  \\$aCONV$b00$c20040502$lBLL01$h1057
=CAT  \\$aBATCH$b00$c20091205$lBLL01$h2308
=FIN  \\$aY
=LEO  \\$aMP26.0000003751
=SRC  \\$aSRI02$bbibmp26.200404.2.aa
=LAS  \\$aBATCH$b00$c20091205$lBLL01$h2308

