=LDR  00926 am a22003133  4500
=001  005349387
=003  Uk
=005  20120918145436.0
=008  970304|||||||||enk\\\\||\\\\||||\||eng\|
=FMT  \\$a  BK
=019  0\$as080068006
=040  \\$aUk$cUk
=084  \\$aMJ 60$2blsrissc
=110  2\$aDunlop Rubber Company.
=245  10$a50 years of growth, [1888-1938].
=250  \\$a[New ed.]
=260  \\$a[Fort Dunlop, Birmingham] :$bthe Company,$c[1939?]
=300  \\$a48p. ;$c30cm.
=336  \\$atext$2rdacontent
=337  \\$aunmediated$2rdamedia
=338  \\$avolume$2rdacarrier
=852  71$aBritish Library$bSTI$kTrade Literature Collection$2blsrissc
=CAT  \\$aCONV$b00$c20040502$lBLL01$h1057
=CAT  \\$aBATCH$b00$c20091205$lBLL01$h2308
=CAT  \\$a8871$b40$c20120918$lBLL01$h1454
=FIN  \\$aY
=LEO  \\$aMP26.0000003836
=SRC  \\$aSRI02$bbibmp26.200404.2.aa
=LAS  \\$a8871$b40$c20120918$lBLL01$h1454

