=LDR  00855 am a22002893  4500
=001  005349441
=003  Uk
=005  20091205230800.0
=008  970902|1937\\\\xxu\\\\||\\\\||||\||eng\|
=FMT  \\$a  BK
=019  0\$as080189008
=040  \\$aUk$cUk
=084  \\$aQR 94$2blsrissc
=110  2\$aEastman Kodak Company.
=245  14$aThe modern masking method of correct color reproduction.
=260  \\$aRochester, N.Y.,$c1937.
=300  \\$a44p. ;$c22cm.
=336  \\$atext$2rdacontent
=337  \\$aunmediated$2rdamedia
=338  \\$avolume$2rdacarrier
=852  71$aBritish Library$bSTI$cRES$kTrade Literature Collection$2blsrissc
=CAT  \\$aCONV$b00$c20040502$lBLL01$h1057
=CAT  \\$aBATCH$b00$c20091205$lBLL01$h2308
=FIN  \\$aY
=LEO  \\$aMP26.0000003890
=SRC  \\$aSRI02$bbibmp26.200404.2.aa
=LAS  \\$aBATCH$b00$c20091205$lBLL01$h2308

