=LDR  00877 am a22003013  4500
=001  005349443
=003  Uk
=005  20101118130158.0
=008  970902s1933\\\\enk\\\\||\\\\||||\||eng\|
=FMT  \\$a  BK
=019  0\$as080192009
=040  \\$aUk$cUk
=084  \\$aSV 91$2blsrissc
=110  2\$aOakey & Sons, John, Ltd.
=245  10$aCentenary of John Oakey & Sons Ltd 1833-1933.
=260  \\$aLondon,$c[1933?]
=300  \\$a44p. ;$c23cm.
=336  \\$atext$2rdacontent
=337  \\$aunmediated$2rdamedia
=338  \\$avolume$2rdacarrier
=852  71$aBritish Library$bSTI$cBIPC$kTrade Literature Collection
=CAT  \\$aCONV$b00$c20040502$lBLL01$h1057
=CAT  \\$aBATCH$b00$c20091205$lBLL01$h2308
=CAT  \\$a8874$b40$c20101118$lBLL01$h1301
=FIN  \\$aY
=LEO  \\$aMP26.0000003892
=SRC  \\$aSRI02$bbibmp26.200404.2.aa
=LAS  \\$a8874$b40$c20101118$lBLL01$h1301

