=LDR  00949 am a22003133  4500
=001  005349495
=003  Uk
=005  20091205230800.0
=008  961022|||||||||enk\\\\||\\\\||||\||eng\|
=FMT  \\$a  BK
=019  0\$as080331009
=040  \\$aUk$cUk
=084  \\$aRF 40$2blsrissc
=110  2\$aBritish Insulated Cables, Ltd.
=245  14$aThe B.I. pocket book for wiremen.
=250  \\$a[New ed.]
=260  \\$aPrescot, Lancs. :$bBritish Insulated Cables Ltd,$c[1940]
=300  \\$a48p. ;$c19cm.
=336  \\$atext$2rdacontent
=337  \\$aunmediated$2rdamedia
=338  \\$avolume$2rdacarrier
=500  \\$aM.III, March 1940, replacing M72.
=852  71$aBritish Library$bSTI$cRES$kTrade Literature Collection$2blsrissc
=CAT  \\$aCONV$b00$c20040502$lBLL01$h1057
=CAT  \\$aBATCH$b00$c20091205$lBLL01$h2308
=FIN  \\$aY
=LEO  \\$aMP26.0000003944
=SRC  \\$aSRI02$bbibmp26.200404.2.aa
=LAS  \\$aBATCH$b00$c20091205$lBLL01$h2308

