=LDR  00823 am a22002893  4500
=001  005349610
=003  Uk
=005  20091205230800.0
=008  960903|||||||||enk\\\\||\\\\||||\||eng\|
=FMT  \\$a  BK
=019  0\$as080679005
=040  \\$aUk$cUk
=084  \\$aWR 34$2blsrissc
=110  2\$aHanovia, Ltd.
=245  10$aAir-borne infection and air sanitation.
=260  \\$aSlough :$bHanovia, Ltd,$c[1940?]
=300  \\$a12p. ;$c26cm.
=336  \\$atext$2rdacontent
=337  \\$aunmediated$2rdamedia
=338  \\$avolume$2rdacarrier
=852  71$aBritish Library$bSTI$kTrade literature collection
=CAT  \\$aCONV$b00$c20040502$lBLL01$h1057
=CAT  \\$aBATCH$b00$c20091205$lBLL01$h2308
=FIN  \\$aY
=LEO  \\$aMP26.0000004059
=SRC  \\$aSRI02$bbibmp26.200404.2.aa
=LAS  \\$aBATCH$b00$c20091205$lBLL01$h2308

