=LDR  00963 am a22003013  4500
=001  005349643
=003  Uk
=005  20190423170213.0
=008  970318|||||||||enk\\\\||\\\\||||\||eng\|
=FMT  \\$a  BK
=019  0\$as080754007
=040  \\$aUk$cUk
=084  \\$aLT 32(G)$2blsrissc
=110  2\$aGoodlass, Wall and Company, Ltd.
=245  12$aA memorable century :$bissued in the hundredth year of Goodlass, Wall and Company, Ltd.
=260  \\$aLiverpool :$bthe Company,$c[1940]
=300  \\$a16 pages ;$c14 x 21 cm.
=336  \\$atext$2rdacontent
=337  \\$aunmediated$2rdamedia
=338  \\$avolume$2rdacarrier
=852  71$aBritish Library$bSTI$kTrade Literature Collection
=CAT  \\$aCONV$b00$c20040502$lBLL01$h1057
=CAT  \\$aBATCH$b00$c20091205$lBLL01$h2308
=CAT  \\$aW1903-0505$b00$c20190423$lBLL01$h1702
=FIN  \\$aY
=LEO  \\$aMP26.0000004092
=SRC  \\$aSRI02$bbibmp26.200404.2.aa
=LAS  \\$aW1903-0505$b00$c20190423$lBLL01$h1702

