=LDR  00968 am a22003013  4500
=001  005349685
=003  Uk
=005  20100914142600.0
=008  960730|||||||||enk\\\\||\\\\||||\||eng\|
=FMT  \\$a  BK
=019  0\$as080839002
=040  \\$aUk$cUk
=084  \\$aRJ 48$2blsrissc
=110  2\$aGeneral Electric Company (Great Britain)
=245  10$aG.E.C. electric propulsion and complete electrical equipment for all types of vessels.
=260  \\$a[London] :$bGeneral Electric Company Ltd,$c[1940]
=300  \\$a34p. ;$c31cm.
=336  \\$atext$2rdacontent
=337  \\$aunmediated$2rdamedia
=338  \\$avolume$2rdacarrier
=852  71$aBritish Library$bSTI$cRES$kTrade Literature Collection
=CAT  \\$aCONV$b00$c20040502$lBLL01$h1057
=CAT  \\$aBATCH$b00$c20091205$lBLL01$h2308
=CAT  \\$a12179$b40$c20100914$lBLL01$h1426
=FIN  \\$aY
=LEO  \\$aMP26.0000004134
=SRC  \\$aSRI02$bbibmp26.200404.2.aa
=LAS  \\$a12179$b40$c20100914$lBLL01$h1426

