=LDR  01065 am a22003133  4500
=001  005349710
=003  Uk
=005  20191002153900.0
=008  970902|1940\\\\enk\\\\||\\\\||||\||eng\|
=FMT  \\$a  BK
=019  0\$as080910009
=040  \\$aUk$cUk
=084  \\$aTE 09(B)$2blsrissc
=110  2\$aHolmside and South Moor Collieries Ltd.
=245  10$aWitherite (natural barium carbonate) and its industrial uses /$c[Holmside and South Moor Collieries,Ltd and the Owners of Settlingstones Mines, Ltd].
=260  \\$aNewcastle upon Tyne,$c1940.
=300  \\$a56[58]p. ;$c22cm.
=336  \\$atext$2rdacontent
=337  \\$aunmediated$2rdamedia
=338  \\$avolume$2rdacarrier
=710  2\$aOwners of Settingstones Mines, Ltd.
=852  71$aBritish Library$bSTI$cRES$kTrade Literature Collection
=CAT  \\$aCONV$b00$c20040502$lBLL01$h1057
=CAT  \\$aBATCH$b00$c20091205$lBLL01$h2308
=CAT  \\$a8964$b40$c20191002$lBLL01$h1539
=FIN  \\$aY
=LEO  \\$aMP26.0000004159
=SRC  \\$aSRI02$bbibmp26.200404.2.aa
=LAS  \\$a8964$b40$c20191002$lBLL01$h1539

