=LDR  00917 am a22003013  4500
=001  005349743
=003  Uk
=005  20091205230800.0
=008  960903|||||||||enk\\\\||\\\\||||\||eng\|
=FMT  \\$a  BK
=019  0\$as081002009
=040  \\$aUk$cUk
=084  \\$aRH 91$2blsrissc
=110  2\$aHenley's Telegraph Works Company, W.T., Ltd.
=245  10$aCold filling compound :$bits characteristics and applications.
=260  \\$aDorking,$c[1941]
=300  \\$a20p. ;$c21cm.
=336  \\$atext$2rdacontent
=337  \\$aunmediated$2rdamedia
=338  \\$avolume$2rdacarrier
=490  0\$aU.K patent ;$vno. 526510
=852  71$aBritish Library$bSTI$cRES$kTrade Literature Collection$2blsrissc
=CAT  \\$aCONV$b00$c20040502$lBLL01$h1057
=CAT  \\$aBATCH$b00$c20091205$lBLL01$h2308
=FIN  \\$aY
=LEO  \\$aMP26.0000004192
=SRC  \\$aSRI02$bbibmp26.200404.2.aa
=LAS  \\$aBATCH$b00$c20091205$lBLL01$h2308

