=LDR  00919 am a22003133  4500
=001  005349773
=003  Uk
=005  20091205230800.0
=008  960730|1941\\\\nik\\\\||\\\\||||\||eng\|
=FMT  \\$a  BK
=019  0\$as081077009
=040  \\$aUk$cUk
=084  \\$aWR 01$2blsrissc
=084  \\$aLR 38$2blsrissc
=110  2\$aDavidson and Company, Ltd.
=245  10$a"Sirocco" equipment for the textile industry.
=260  \\$aBelfast,$c1941.
=300  \\$a48p. ;$c25cm.
=336  \\$atext$2rdacontent
=337  \\$aunmediated$2rdamedia
=338  \\$avolume$2rdacarrier
=490  0\$aPublication ;$vref. no. SF 346
=852  71$aBritish Library$bSTI$cRES$kTrade Literature Collection$2blsrissc
=CAT  \\$aCONV$b00$c20040502$lBLL01$h1057
=CAT  \\$aBATCH$b00$c20091205$lBLL01$h2308
=FIN  \\$aY
=LEO  \\$aMP26.0000004222
=SRC  \\$aSRI02$bbibmp26.200404.2.aa
=LAS  \\$aBATCH$b00$c20091205$lBLL01$h2308

