=LDR  00941 am a22003013  4500
=001  005349786
=003  Uk
=005  20091205230800.0
=008  961022|1938\\\\gw\\\\\||\\\\||||\||ger\|
=FMT  \\$a  BK
=019  0\$as081122004
=040  \\$aUk$cUk
=084  \\$aVM 73$2blsrissc
=110  2\$aKnorr-Bremse, Aktiengesellschaft.
=245  10$aHildebrand-Knorr-Bremse :$bHik ss. Druckluft-Bremse für schnellste Züge, mit steuerventil Hik s.
=260  \\$aBerlin,$c1938.
=300  \\$a9 leaves ;$c31cm.
=336  \\$atext$2rdacontent
=337  \\$aunmediated$2rdamedia
=338  \\$avolume$2rdacarrier
=490  0\$aDruckschrift ;$v107
=852  71$aBritish Library$bSTI$cRES$kTrade Literature Collection$2blsrissc
=CAT  \\$aCONV$b00$c20040502$lBLL01$h1057
=CAT  \\$aBATCH$b00$c20091205$lBLL01$h2308
=FIN  \\$aY
=LEO  \\$aMP26.0000004235
=SRC  \\$aSRI02$bbibmp26.200404.2.aa
=LAS  \\$aBATCH$b00$c20091205$lBLL01$h2308

