=LDR  00918 am a22003013  4500
=001  005349831
=003  Uk
=005  20091205230800.0
=008  961022|||||||||xxu\\\\||\\\\||||\||eng\|
=FMT  \\$a  BK
=019  0\$as081260008
=040  \\$aUk$cUk
=084  \\$aMN 64$2blsrissc
=110  2\$aRohm and Haas Company.
=245  10$aRhoplex resins for fabric finishing.
=260  \\$aPhiladelphia, Pa. :$bRöhm and Haas Company,$c[1941]
=300  \\$a20p. ;$c20cm.
=336  \\$atext$2rdacontent
=337  \\$aunmediated$2rdamedia
=338  \\$avolume$2rdacarrier
=852  71$aBritish Library$bSTI$cRES$kTrade Literature Collection$2blsrissc
=CAT  \\$aCONV$b00$c20040502$lBLL01$h1057
=CAT  \\$aBATCH-UPD$b00$c20081205$lBLL01$h2200
=CAT  \\$aBATCH$b00$c20091205$lBLL01$h2308
=FIN  \\$aY
=LEO  \\$aMP26.0000004280
=SRC  \\$aSRI02$bbibmp26.200404.2.aa
=LAS  \\$aBATCH$b00$c20091205$lBLL01$h2308

