=LDR  00957 am a22003133  4500
=001  005349868
=003  Uk
=005  20190423170213.0
=008  970902s1933\\\\enk\\\\||\\\\||||\||eng\|
=FMT  \\$a  BK
=019  0\$as081334001
=040  \\$aUk$cUk
=084  \\$aST 20(H)$2blsrissc
=110  2\$aHick, Hargreaves and Company, Ltd.
=245  10$a1833 to 1933 at the Soho Ironworks, Bolton.
=260  \\$aBolton,$c[1933]
=300  \\$a20 pages ;$c18 x 24 cm.
=336  \\$atext$2rdacontent
=337  \\$aunmediated$2rdamedia
=338  \\$avolume$2rdacarrier
=852  71$aBritish Library$bSTI$cBIPC$kTrade Literature Collection
=CAT  \\$aCONV$b00$c20040502$lBLL01$h1057
=CAT  \\$aBATCH$b00$c20091205$lBLL01$h2308
=CAT  \\$a8874$b40$c20101118$lBLL01$h1302
=CAT  \\$aW1903-0505$b00$c20190423$lBLL01$h1702
=FIN  \\$aY
=LEO  \\$aMP26.0000004317
=SRC  \\$aSRI02$bbibmp26.200404.2.aa
=LAS  \\$aW1903-0505$b00$c20190423$lBLL01$h1702

