=LDR  00925 am a22003013  4500
=001  005349873
=003  Uk
=005  20190423170213.0
=008  970902|1932\\\\enk\\\\||\\\\||||\||eng\|
=FMT  \\$a  BK
=019  0\$as081340001
=040  \\$aUk$cUk
=084  \\$aRC 43(C)$2blsrissc
=110  2\$aCallender's Cable and Construction Company, Ltd.
=245  14$aThe story of Callender's, 1882-1932.
=260  \\$aLondon,$c1932.
=300  \\$a106 pages ;$c22 x 28 cm.
=336  \\$atext$2rdacontent
=337  \\$aunmediated$2rdamedia
=338  \\$avolume$2rdacarrier
=852  71$aBritish Library$bSTI$cRES$kTrade Literature Collection$2blsrissc
=CAT  \\$aCONV$b00$c20040502$lBLL01$h1057
=CAT  \\$aBATCH$b00$c20091205$lBLL01$h2308
=CAT  \\$aW1903-0505$b00$c20190423$lBLL01$h1702
=FIN  \\$aY
=LEO  \\$aMP26.0000004322
=SRC  \\$aSRI02$bbibmp26.200404.2.aa
=LAS  \\$aW1903-0505$b00$c20190423$lBLL01$h1702

