=LDR  00973 am a22003133  4500
=001  005350030
=003  Uk
=005  20190423170213.0
=008  970902|1942\\\\enk\\\\||\\\\||||\||eng\|
=FMT  \\$a  BK
=019  0\$as081721005
=040  \\$aUk$cUk
=084  \\$aST 21(M)$2blsrissc
=100  1\$aRobertson, Walter Henry Antonio.
=245  10$aMemories of Maudslay Sons and Field.
=260  \\$aBedford,$c1942.
=300  \\$a24 pages ;$c20 x 28 cm.
=336  \\$atext$2rdacontent
=337  \\$aunmediated$2rdamedia
=338  \\$avolume$2rdacarrier
=500  \\$aWith reprint from "Engineering", May 8th, 1942.
=852  71$aBritish Library$bSTI$cRES$kTrade Literature Collection$2blsrissc
=CAT  \\$aCONV$b00$c20040502$lBLL01$h1057
=CAT  \\$aBATCH$b00$c20091205$lBLL01$h2308
=CAT  \\$aW1903-0505$b00$c20190423$lBLL01$h1702
=FIN  \\$aY
=LEO  \\$aMP26.0000004479
=SRC  \\$aSRI02$bbibmp26.200404.2.aa
=LAS  \\$aW1903-0505$b00$c20190423$lBLL01$h1702

