=LDR  00895 am a22002893  4500
=001  005350120
=003  Uk
=005  20091205230800.0
=008  980421|1931\\\\gw\\\\\||\\\\||||\||ger\|
=FMT  \\$a  BK
=019  0\$as081922000
=040  \\$aUk$cUk
=084  \\$aPM 678$2blsrissc
=110  2\$aBrunsviga-Maschinenwerke, Grimme, Natalis und Co. A.-G.
=245  10$a60 Jahre Brunsviga :$bSonderausgabe 1931 : Brunsviga Monatshefte.
=260  \\$aBraunschweig,$c1931.
=300  \\$a98p. ;$c23cm.
=336  \\$atext$2rdacontent
=337  \\$aunmediated$2rdamedia
=338  \\$avolume$2rdacarrier
=852  71$aBritish Library$bSTI$cRES$kTrade Literature Collection$2blsrissc
=CAT  \\$aCONV$b00$c20040502$lBLL01$h1057
=CAT  \\$aBATCH$b00$c20091205$lBLL01$h2308
=FIN  \\$aY
=LEO  \\$aMP26.0000004569
=SRC  \\$aSRI02$bbibmp26.200404.2.aa
=LAS  \\$aBATCH$b00$c20091205$lBLL01$h2308

