=LDR  00902cam a22003013  4500
=001  005350208
=003  Uk
=005  20220426142235.0
=008  961022|1943\\\\enk\\\\||\\\\||||\||eng\|
=FMT  \\$a  BK
=019  0\$as082121001
=040  \\$aUk$cUk
=084  \\$aTM 01$2blsrissc
=110  2\$aGeorge Cohen, Sons and Company.
=245  14$aThe Coborn electric tool tipper.
=260  \\$aStanningley Works, near Leeds,$c1943.
=300  \\$a4 pt. ;$c33cm.
=336  \\$atext$2rdacontent
=337  \\$aunmediated$2rdamedia
=338  \\$avolume$2rdacarrier
=852  71$aBritish Library$bSTI$cRES$kTrade Literature Collection$2blsrissc
=CAT  \\$aCONV$b00$c20040502$lBLL01$h1057
=CAT  \\$aBATCH$b00$c20091205$lBLL01$h2308
=CAT  \\$a5194$b40$c20220426$lBLL01$h1422
=FIN  \\$aY
=LEO  \\$aMP26.0000004657
=SRC  \\$aSRI02$bbibmp26.200404.2.aa
=LAS  \\$a5194$b40$c20220426$lBLL01$h1422

