=LDR  01003 am a22003013  4500
=001  005350239
=003  Uk
=005  20091205230800.0
=008  970909|||||||||gw\\\\\||\\\\||||\||ger\|
=FMT  \\$a  BK
=019  0\$as082180008
=040  \\$aUk$cUk
=084  \\$aMV 43$2blsrissc
=110  2\$aKönigl. Porzellan-Manufaktur.
=245  10$a"Koeniglich Berlin " 1763-1913 :$bGedenkblatt zum 150 jährigen Jubiläum der Königl. Porzellan-Manufaktur Berlin /$cvon J. Erzgraber.
=260  \\$aBerlin :$bEcksteins Biographischer Verlag,$c[1913]
=300  \\$a68p. ;$c32cm.
=336  \\$atext$2rdacontent
=337  \\$aunmediated$2rdamedia
=338  \\$avolume$2rdacarrier
=700  1\$aErzgraber, J.
=852  71$aBritish Library$bSTI$cRES$kTrade Literature Collection$2blsrissc
=CAT  \\$aCONV$b00$c20040502$lBLL01$h1057
=CAT  \\$aBATCH$b00$c20091205$lBLL01$h2308
=FIN  \\$aY
=LEO  \\$aMP26.0000004688
=SRC  \\$aSRI02$bbibmp26.200404.2.aa
=LAS  \\$aBATCH$b00$c20091205$lBLL01$h2308

