=LDR  00893 am a22002893  4500
=001  005350240
=003  Uk
=005  20091205230800.0
=008  971216|||||||||gw\\\\\||\\\\||||\||ger\|
=FMT  \\$a  BK
=019  0\$as082181004
=040  \\$aUk$cUk
=084  \\$aNF 86$2blsrissc
=110  2\$aMansfeldische Kupfer- und Messingwerke Hettstedt.
=245  10$aAls Jubilar zur 25. Wiederkehr seiner Betriebseröffnung :$b1909-1934.
=260  \\$aHettstedt,$c[1934?]
=300  \\$a64p. ;$c31cm.
=336  \\$atext$2rdacontent
=337  \\$aunmediated$2rdamedia
=338  \\$avolume$2rdacarrier
=852  71$aBritish Library$bSTI$cRES$kTrade Literature Collection$2blsrissc
=CAT  \\$aCONV$b00$c20040502$lBLL01$h1057
=CAT  \\$aBATCH$b00$c20091205$lBLL01$h2308
=FIN  \\$aY
=LEO  \\$aMP26.0000004689
=SRC  \\$aSRI02$bbibmp26.200404.2.aa
=LAS  \\$aBATCH$b00$c20091205$lBLL01$h2308

