=LDR  00897 am a22002893  4500
=001  005350244
=003  Uk
=005  20091205230800.0
=008  970902|1931\\\\au\\\\\||\\\\||||\||ger\|
=FMT  \\$a  BK
=019  0\$as082189005
=040  \\$aUk$cUk
=084  \\$aST 21(S)$2blsrissc
=110  2\$aMaschinen- und Waggonbau- Fabriks A.-G.
=245  10$aHundert Jahre Maschinen- und Waggonbau- Fabriks A.-G. in Simmering /$cvorm. H. D. Schmid.
=260  \\$aWien,$c1931.
=300  \\$a92p. ;$c27cm.
=336  \\$atext$2rdacontent
=337  \\$aunmediated$2rdamedia
=338  \\$avolume$2rdacarrier
=852  71$aBritish Library$bSTI$cRES$kTrade Literature Collection$2blsrissc
=CAT  \\$aCONV$b00$c20040502$lBLL01$h1057
=CAT  \\$aBATCH$b00$c20091205$lBLL01$h2308
=FIN  \\$aY
=LEO  \\$aMP26.0000004693
=SRC  \\$aSRI02$bbibmp26.200404.2.aa
=LAS  \\$aBATCH$b00$c20091205$lBLL01$h2308

