=LDR  00891 am a22002893  4500
=001  005350247
=003  Uk
=005  20091205230800.0
=008  970909|1938\\\\gw\\\\\||\\\\||||\||ger\|
=FMT  \\$a  BK
=019  0\$as082192006
=040  \\$aUk$cUk
=084  \\$aTD 90$2blsrissc
=100  1\$aTimm, Erich.
=245  10$aErich Timm 1913-1938 :$b25 : Wiederkehr des Gründungstages der Firma Erich Timm, Berlin- Templehof.
=260  \\$aBerlin-Tempelhof,$c1938.
=300  \\$a58p. ;$c30cm.
=336  \\$atext$2rdacontent
=337  \\$aunmediated$2rdamedia
=338  \\$avolume$2rdacarrier
=852  71$aBritish Library$bSTI$cRES$kTrade Literature Collection$2blsrissc
=CAT  \\$aCONV$b00$c20040502$lBLL01$h1057
=CAT  \\$aBATCH$b00$c20091205$lBLL01$h2308
=FIN  \\$aY
=LEO  \\$aMP26.0000004696
=SRC  \\$aSRI02$bbibmp26.200404.2.aa
=LAS  \\$aBATCH$b00$c20091205$lBLL01$h2308

