=LDR  00945 am a22003013  4500
=001  005350249
=003  Uk
=005  20190423170213.0
=008  970902|1930\\\\gw\\\\\||\\\\||||\||ger\|
=FMT  \\$a  BK
=019  0\$as082194009
=040  \\$aUk$cUk
=084  \\$aMM 31$2blsrissc
=110  2\$aDeichsel, Drahtwerke und Seilfabriken Aktiengesellschaft, Adolf, A.G.
=245  10$a75 Jahre Deichsel, 1855-1930.
=260  \\$aHindenburg O.-S.,$c1930.
=300  \\$a16 pages ;$c21 x 30 cm.
=336  \\$atext$2rdacontent
=337  \\$aunmediated$2rdamedia
=338  \\$avolume$2rdacarrier
=852  71$aBritish Library$bSTI$cRES$kTrade Literature Collection$2blsrissc
=CAT  \\$aCONV$b00$c20040502$lBLL01$h1057
=CAT  \\$aBATCH$b00$c20091205$lBLL01$h2308
=CAT  \\$aW1903-0505$b00$c20190423$lBLL01$h1702
=FIN  \\$aY
=LEO  \\$aMP26.0000004698
=SRC  \\$aSRI02$bbibmp26.200404.2.aa
=LAS  \\$aW1903-0505$b00$c20190423$lBLL01$h1702

