=LDR  00834 am a22002893  4500
=001  005350251
=003  Uk
=005  20091205230800.0
=008  970902|1934\\\\gw\\\\\||\\\\||||\||ger\|
=FMT  \\$a  BK
=019  0\$as082197008
=040  \\$aUk$cUk
=084  \\$aTL 20(H)$2blsrissc
=110  2\$aHerder, Richard Abr.
=245  10$aRichard Abr. Herder, Solingen, 1884-1934.
=260  \\$aSolingen,$c1934.
=300  \\$a28p. ;$c21cm.
=336  \\$atext$2rdacontent
=337  \\$aunmediated$2rdamedia
=338  \\$avolume$2rdacarrier
=852  71$aBritish Library$bSTI$cRES$kTrade Literature Collection$2blsrissc
=CAT  \\$aCONV$b00$c20040502$lBLL01$h1057
=CAT  \\$aBATCH$b00$c20091205$lBLL01$h2308
=FIN  \\$aY
=LEO  \\$aMP26.0000004700
=SRC  \\$aSRI02$bbibmp26.200404.2.aa
=LAS  \\$aBATCH$b00$c20091205$lBLL01$h2308

