=LDR  00855 am a22002893  4500
=001  005350252
=003  Uk
=005  20091205230800.0
=008  970902|1934\\\\gw\\\\\||\\\\||||\||ger\|
=FMT  \\$a  BK
=019  0\$as082198004
=040  \\$aUk$cUk
=084  \\$aST 21(F)$2blsrissc
=110  2\$aFuncke & Hueck.
=245  10$aFuncke & Hueck, 1844-1934 :$bRundschreiben aus der Jahren 1864-1909.
=260  \\$aHagen,$c1934.
=300  \\$a116p. ;$c23cm.
=336  \\$atext$2rdacontent
=337  \\$aunmediated$2rdamedia
=338  \\$avolume$2rdacarrier
=852  71$aBritish Library$bSTI$cBIPC$kTrade Literature Collection$2blsrissc
=CAT  \\$aCONV$b00$c20040502$lBLL01$h1057
=CAT  \\$aBATCH$b00$c20091205$lBLL01$h2308
=FIN  \\$aY
=LEO  \\$aMP26.0000004701
=SRC  \\$aSRI02$bbibmp26.200404.2.aa
=LAS  \\$aBATCH$b00$c20091205$lBLL01$h2308

