=LDR  00909 am a22002893  4500
=001  005350254
=003  Uk
=005  20091205230800.0
=008  970902|1930\\\\gw\\\\\||\\\\||||\||ger\|
=FMT  \\$a  BK
=019  0\$as082200009
=040  \\$aUk$cUk
=084  \\$aST 21(H)$2blsrissc
=110  2\$aHeynen, R., & Co.
=245  10$aWerden, Wachsen und Wirken der Firma R. Heynen & Co. :$bGedenkblätter zu ihrem 50 jährigen Bestehen, 1880-1930.
=260  \\$aDüsseldorf,$c1930.
=300  \\$a84p. ;$c23cm.
=336  \\$atext$2rdacontent
=337  \\$aunmediated$2rdamedia
=338  \\$avolume$2rdacarrier
=852  71$aBritish Library$bSTI$cRES$kTrade Literature Collection$2blsrissc
=CAT  \\$aCONV$b00$c20040502$lBLL01$h1057
=CAT  \\$aBATCH$b00$c20091205$lBLL01$h2308
=FIN  \\$aY
=LEO  \\$aMP26.0000004703
=SRC  \\$aSRI02$bbibmp26.200404.2.aa
=LAS  \\$aBATCH$b00$c20091205$lBLL01$h2308

