=LDR  00935 am a22003013  4500
=001  005350255
=003  Uk
=005  20091205230800.0
=008  970902|1936\\\\gw\\\\\||\\\\||||\||ger\|
=FMT  \\$a  BK
=019  0\$as082201005
=040  \\$aUk$cUk
=084  \\$aTH 55$2blsrissc
=110  2\$aBauer und Schaurte, Rheinische Schrauben- und Mutternfabrik A.G.
=245  10$a60 Jahre Bauer und Schaurte, 1876-1936 :$b[von W. T. Schaurte].
=260  \\$aNeuss-Rh.,$c1936.
=300  \\$a18p. ;$c21cm.
=336  \\$atext$2rdacontent
=337  \\$aunmediated$2rdamedia
=338  \\$avolume$2rdacarrier
=700  1\$aSchaurte, Werner T.
=852  71$aBritish Library$bSTI$cBIPC$kTrade LIterature Collection$2blsrissc
=CAT  \\$aCONV$b00$c20040502$lBLL01$h1057
=CAT  \\$aBATCH$b00$c20091205$lBLL01$h2308
=FIN  \\$aY
=LEO  \\$aMP26.0000004704
=SRC  \\$aSRI02$bbibmp26.200404.2.aa
=LAS  \\$aBATCH$b00$c20091205$lBLL01$h2308

