=LDR  00930 am a22003013  4500
=001  005350256
=003  Uk
=005  20091205230800.0
=008  970902|1934\\\\sz\\\\\||\\\\||||\||ger\|
=FMT  \\$a  BK
=019  0\$as082203008
=040  \\$aUk$cUk
=084  \\$aST 21(A)$2blsrissc
=110  2\$aAffolter Christen & Co., A.-G.
=245  10$a70 Jahre Schweizer Arbeit :$b50 Jahre Schweizer Ware /$c[von E. Redelsperger-Schaad].
=260  \\$aBasel,$c1934.
=300  \\$a32p. ;$c23cm.
=336  \\$atext$2rdacontent
=337  \\$aunmediated$2rdamedia
=338  \\$avolume$2rdacarrier
=700  1\$aRedelsperger-Schaad, Eduard.
=852  71$aBritish Library$bSTI$cRES$kTrade Literature Collection$2blsrissc
=CAT  \\$aCONV$b00$c20040502$lBLL01$h1057
=CAT  \\$aBATCH$b00$c20091205$lBLL01$h2308
=FIN  \\$aY
=LEO  \\$aMP26.0000004705
=SRC  \\$aSRI02$bbibmp26.200404.2.aa
=LAS  \\$aBATCH$b00$c20091205$lBLL01$h2308

