=LDR  00864 am a22002893  4500
=001  005350263
=003  Uk
=005  20091205230800.0
=008  970902|||||||||gw\\\\\||\\\\||||\||ger\|
=FMT  \\$a  BK
=019  0\$as082212007
=040  \\$aUk$cUk
=084  \\$aST 21(S)$2blsrissc
=110  2\$aGebrüder Sachsenberg A.-G.
=245  10$a90 Jahre der Gebrüder Sachsenberg A.-G. 1844-1934.
=260  \\$aKoszlau a. d. Elbe,$c[1934]
=300  \\$a28p. ;$c30cm.
=336  \\$atext$2rdacontent
=337  \\$aunmediated$2rdamedia
=338  \\$avolume$2rdacarrier
=852  71$aBritish Library$bSTI$cRES$kTrade Literature Collection$2blsrissc
=CAT  \\$aCONV$b00$c20040502$lBLL01$h1057
=CAT  \\$aBATCH$b00$c20091205$lBLL01$h2308
=FIN  \\$aY
=LEO  \\$aMP26.0000004712
=SRC  \\$aSRI02$bbibmp26.200404.2.aa
=LAS  \\$aBATCH$b00$c20091205$lBLL01$h2308

