=LDR  00904 am a22003013  4500
=001  005350265
=003  Uk
=005  20091205230800.0
=008  970902|1937\\\\gw\\\\\||\\\\||||\||ger\|
=FMT  \\$a  BK
=019  0\$as08221400x
=040  \\$aUk$cUk
=084  \\$aSR 19(K)$2blsrissc
=110  2\$aKölsch-Fölzer Werke, A.G.
=245  10$a75 Jahre Kölsch-Fölzer Werke A.G., Siegen, 1862-1937 /$c[von H. Kruse].
=260  \\$aSiegen,$c1937.
=300  \\$a66p. ;$c30cm.
=336  \\$atext$2rdacontent
=337  \\$aunmediated$2rdamedia
=338  \\$avolume$2rdacarrier
=700  1\$aKruse, Hans.
=852  71$aBritish Library$bSTI$cRES$kTrade Literature Collection$2blsrissc
=CAT  \\$aCONV$b00$c20040502$lBLL01$h1057
=CAT  \\$aBATCH$b00$c20091205$lBLL01$h2308
=FIN  \\$aY
=LEO  \\$aMP26.0000004714
=SRC  \\$aSRI02$bbibmp26.200404.2.aa
=LAS  \\$aBATCH$b00$c20091205$lBLL01$h2308

