=LDR  00912 am a22003013  4500
=001  005350277
=003  Uk
=005  20091205230800.0
=008  970902|1932\\\\gw\\\\\||\\\\||||\||ger\|
=FMT  \\$a  BK
=019  0\$as082234000
=040  \\$aUk$cUk
=084  \\$aTL 20(W)$2blsrissc
=110  2\$aWüsthof, Ed., Firma.
=245  10$a1832-1932 :$baus kleinen Anfängen zur heutigen Weltgeltung /$c[von F. Hendrichs].
=260  \\$aSolingen,$c1932.
=300  \\$a32p. ;$c26cm.
=336  \\$atext$2rdacontent
=337  \\$aunmediated$2rdamedia
=338  \\$avolume$2rdacarrier
=700  1\$aHendrichs, Franz.
=852  71$aBritish Library$bSTI$cRES$kTrade Literature Collection$2blsrissc
=CAT  \\$aCONV$b00$c20040502$lBLL01$h1057
=CAT  \\$aBATCH$b00$c20091205$lBLL01$h2308
=FIN  \\$aY
=LEO  \\$aMP26.0000004726
=SRC  \\$aSRI02$bbibmp26.200404.2.aa
=LAS  \\$aBATCH$b00$c20091205$lBLL01$h2308

