=LDR  00991 am a22003133  4500
=001  005350279
=003  Uk
=005  20190423170213.0
=008  970304|1925\\\\ge\\\\\||\\\\||||\||ger\|
=FMT  \\$a  BK
=019  0\$as08223700x
=040  \\$aUk$cUk
=084  \\$aMD 1331$2blsrissc
=110  2\$aPapierfabrik Cospuden.
=245  10$a350 Jahre Papierfabrik Cospuden, 1575/1925.
=260  \\$aCospuden bei Leipzig :$bPapierfabrik Cospuden,$c1925.
=300  \\$a10 pages ;$c17 x 25 cm.
=336  \\$atext$2rdacontent
=337  \\$aunmediated$2rdamedia
=338  \\$avolume$2rdacarrier
=500  \\$aContains 3 plates of specimens.
=852  71$aBritish Library$bSTI$cRES$kTrade Literature Collection$2blsrissc
=CAT  \\$aCONV$b00$c20040502$lBLL01$h1057
=CAT  \\$aBATCH$b00$c20091205$lBLL01$h2308
=CAT  \\$aW1903-0505$b00$c20190423$lBLL01$h1702
=FIN  \\$aY
=LEO  \\$aMP26.0000004728
=SRC  \\$aSRI02$bbibmp26.200404.2.aa
=LAS  \\$aW1903-0505$b00$c20190423$lBLL01$h1702

