=LDR  00850 am a22002893  4500
=001  005350281
=003  Uk
=005  20091205230800.0
=008  970902|1935\\\\gw\\\\\||\\\\||||\||ger\|
=FMT  \\$a  BK
=019  0\$as082242003
=040  \\$aUk$cUk
=084  \\$aLW 67$2blsrissc
=110  2\$aBoehringer, C. H., Sohn A.G.
=245  10$aC. H. Boehringer Sohn A.G. 1885-1935.
=260  \\$aNieder-Ingelheim a. Rh.,$c1935.
=300  \\$a48p. ;$c30cm.
=336  \\$atext$2rdacontent
=337  \\$aunmediated$2rdamedia
=338  \\$avolume$2rdacarrier
=852  71$aBritish Library$bSTI$cRES$kTrade Literature Collection$2blsrissc
=CAT  \\$aCONV$b00$c20040502$lBLL01$h1057
=CAT  \\$aBATCH$b00$c20091205$lBLL01$h2308
=FIN  \\$aY
=LEO  \\$aMP26.0000004730
=SRC  \\$aSRI02$bbibmp26.200404.2.aa
=LAS  \\$aBATCH$b00$c20091205$lBLL01$h2308

