=LDR  00815 am a22002893  4500
=001  005350282
=003  Uk
=005  20091205230800.0
=008  970902|1935\\\\gw\\\\\||\\\\||||\||ger\|
=FMT  \\$a  BK
=019  0\$as082244006
=040  \\$aUk$cUk
=084  \\$aQQ 36(S)$2blsrissc
=110  2\$aSchleussner.
=245  10$a75 Jahre Schleussner.
=260  \\$aFrankfurt a. Main,$c1935.
=300  \\$a12p. ;$c25cm.
=336  \\$atext$2rdacontent
=337  \\$aunmediated$2rdamedia
=338  \\$avolume$2rdacarrier
=852  71$aBritish Library$bSTI$cRES$kTrade Literature Collection$2blsrissc
=CAT  \\$aCONV$b00$c20040502$lBLL01$h1057
=CAT  \\$aBATCH$b00$c20091205$lBLL01$h2308
=FIN  \\$aY
=LEO  \\$aMP26.0000004731
=SRC  \\$aSRI02$bbibmp26.200404.2.aa
=LAS  \\$aBATCH$b00$c20091205$lBLL01$h2308

