=LDR  00940 am a22002893  4500
=001  005350284
=003  Uk
=005  20091205230800.0
=008  970902|1925\\\\gw\\\\\||\\\\||||\||ger\|
=FMT  \\$a  BK
=019  0\$as082246009
=040  \\$aUk$cUk
=084  \\$aNH 68$2blsrissc
=110  2\$aOertel Schieferbrüche Lehesten, Karl, G.m.b.H.
=245  14$aDer Ortelsbruch :$bJubiläumsschrift anläßlich des 100 Geburtstages von Karl Oertel, 19. Juli 1925.
=260  \\$aLeipzig :$bFischer & Wittig,$c1925.
=300  \\$a80p. ;$c26cm.
=336  \\$atext$2rdacontent
=337  \\$aunmediated$2rdamedia
=338  \\$avolume$2rdacarrier
=852  71$aBritish Library$bSTI$cRES$kTrade Literature Collection$2blsrissc
=CAT  \\$aCONV$b00$c20040502$lBLL01$h1057
=CAT  \\$aBATCH$b00$c20091205$lBLL01$h2308
=FIN  \\$aY
=LEO  \\$aMP26.0000004733
=SRC  \\$aSRI02$bbibmp26.200404.2.aa
=LAS  \\$aBATCH$b00$c20091205$lBLL01$h2308

