=LDR  00836 am a22002893  4500
=001  005350285
=003  Uk
=005  20091205230800.0
=008  970902|1935\\\\gw\\\\\||\\\\||||\||ger\|
=FMT  \\$a  BK
=019  0\$as082247005
=040  \\$aUk$cUk
=084  \\$aPH 62$2blsrissc
=110  2\$aHorn, D. Th.
=245  10$a1885-1935: 50 Jahre D. Th. Horn :$b[Chronik der Firma].
=260  \\$aLeipzig,$c1935.
=300  \\$a48p. ;$c26cm.
=336  \\$atext$2rdacontent
=337  \\$aunmediated$2rdamedia
=338  \\$avolume$2rdacarrier
=852  71$aBritish Library$bSTI$cRES$kTrade Literature Collection$2blsrissc
=CAT  \\$aCONV$b00$c20040502$lBLL01$h1057
=CAT  \\$aBATCH$b00$c20091205$lBLL01$h2308
=FIN  \\$aY
=LEO  \\$aMP26.0000004734
=SRC  \\$aSRI02$bbibmp26.200404.2.aa
=LAS  \\$aBATCH$b00$c20091205$lBLL01$h2308

