=LDR  00867 am a22002893  4500
=001  005350288
=003  Uk
=005  20091205230800.0
=008  970909|1935\\\\gw\\\\\||\\\\||||\||ger\|
=FMT  \\$a  BK
=019  0\$as082251002
=040  \\$aUk$cUk
=084  \\$aM 31$2blsrissc
=110  2\$aGebrüder Seitz.
=245  10$a1885-1935 :$b50 Jahre Gebrüder Seitz, Anilinfarben, Frankfurt am Main.
=260  \\$aFrankfurt am Main,$c1935.
=300  \\$a22p. ;$c32cm.
=336  \\$atext$2rdacontent
=337  \\$aunmediated$2rdamedia
=338  \\$avolume$2rdacarrier
=852  71$aBritish Library$bSTI$cRES$kTrade Literature Collection$2blsrissc
=CAT  \\$aCONV$b00$c20040502$lBLL01$h1057
=CAT  \\$aBATCH$b00$c20091205$lBLL01$h2308
=FIN  \\$aY
=LEO  \\$aMP26.0000004737
=SRC  \\$aSRI02$bbibmp26.200404.2.aa
=LAS  \\$aBATCH$b00$c20091205$lBLL01$h2308

