=LDR  00907 am a22003013  4500
=001  005350289
=003  Uk
=005  20091205230800.0
=008  970902|1931\\\\au\\\\\||\\\\||||\||ger\|
=FMT  \\$a  BK
=019  0\$as082252009
=040  \\$aUk$cUk
=084  \\$aDH 83$2blsrissc
=110  2\$aReder, J, & C.
=245  10$a100 Jahre J. & C. Reder, Steyer- Wien, 1831-1931 /$cBerichetet von Philipp Blittersdorf.
=260  \\$aWien,$c1931.
=300  \\$a32p. ;$c29cm.
=336  \\$atext$2rdacontent
=337  \\$aunmediated$2rdamedia
=338  \\$avolume$2rdacarrier
=700  1\$aBlittersdorf, Philipp.
=852  71$aBritish Library$bSTI$cRES$kTrade Literature Collection$2blsrissc
=CAT  \\$aCONV$b00$c20040502$lBLL01$h1057
=CAT  \\$aBATCH$b00$c20091205$lBLL01$h2308
=FIN  \\$aY
=LEO  \\$aMP26.0000004738
=SRC  \\$aSRI02$bbibmp26.200404.2.aa
=LAS  \\$aBATCH$b00$c20091205$lBLL01$h2308

