=LDR  00894 am a22002893  4500
=001  005350290
=003  Uk
=005  20091205230800.0
=008  970304|1927\\\\gw\\\\\||\\\\||||\||ger\|
=FMT  \\$a  BK
=019  0\$as082253005
=040  \\$aUk$cUk
=084  \\$aLD 133$2blsrissc
=110  2\$aSiegert & Sohn, Johann Gottfried, A.G.
=245  10$a150 Jahre Johann Gottfried Siegert & Sohn, A.G., Neuwied, 1777-1927.
=260  \\$aNeuwied :$bSiegert & Sohn,$c1927.
=300  \\$a22p. ;$c24cm.
=336  \\$atext$2rdacontent
=337  \\$aunmediated$2rdamedia
=338  \\$avolume$2rdacarrier
=852  71$aBritish Library$bSTI$cRES$kTrade Literature Collection$2blsrissc
=CAT  \\$aCONV$b00$c20040502$lBLL01$h1057
=CAT  \\$aBATCH$b00$c20091205$lBLL01$h2308
=FIN  \\$aY
=LEO  \\$aMP26.0000004739
=SRC  \\$aSRI02$bbibmp26.200404.2.aa
=LAS  \\$aBATCH$b00$c20091205$lBLL01$h2308

