=LDR  01025 am a22003013  4500
=001  005350291
=003  Uk
=005  20091205230800.0
=008  970909|||||||||gw\\\\\||\\\\||||\||ger\|
=FMT  \\$a  BK
=019  0\$as082254001
=040  \\$aUk$cUk
=084  \\$aRK 55$2blsrissc
=110  2\$aSchwarzwälder Apparate-Bau-Anstalt August Schwer Söhne G.m.b.H.
=245  10$aHundert Jahre Schwarzwälder Präzisionsarbeit :$bHermann Schwer, dreißig Jahre Betriebsführer : Festschrift /$c[von O. E. Sutter].
=260  \\$aVillingen (Schwarzwald),$c[1935]
=300  \\$a70p. ;$c30cm.
=336  \\$atext$2rdacontent
=337  \\$aunmediated$2rdamedia
=338  \\$avolume$2rdacarrier
=700  1\$aSutter, Otto Ernst.
=852  71$aBritish Library$bSTI$cRES$kTrade Literature Collection$2blsrissc
=CAT  \\$aCONV$b00$c20040502$lBLL01$h1057
=CAT  \\$aBATCH$b00$c20091205$lBLL01$h2308
=FIN  \\$aY
=LEO  \\$aMP26.0000004740
=SRC  \\$aSRI02$bbibmp26.200404.2.aa
=LAS  \\$aBATCH$b00$c20091205$lBLL01$h2308

