=LDR  00876 am a22002893  4500
=001  005350298
=003  Uk
=005  20091205230800.0
=008  970902|1932\\\\gw\\\\\||\\\\||||\||ger\|
=FMT  \\$a  BK
=019  0\$as082270007
=040  \\$aUk$cUk
=084  \\$aLW 67$2blsrissc
=110  2\$aHandelsvereinigung Dietz & Richter - Gebrüder Lodde Aktiengesellschaft, Leipzig.
=245  10$a[Festschrift], 1807-1932.
=260  \\$aLeipzig,$c1932.
=300  \\$a44p. ;$c25cm.
=336  \\$atext$2rdacontent
=337  \\$aunmediated$2rdamedia
=338  \\$avolume$2rdacarrier
=852  71$aBritish Library$bSTI$cRES$kTrade Literature Collection$2blsrissc
=CAT  \\$aCONV$b00$c20040502$lBLL01$h1057
=CAT  \\$aBATCH$b00$c20091205$lBLL01$h2308
=FIN  \\$aY
=LEO  \\$aMP26.0000004747
=SRC  \\$aSRI02$bbibmp26.200404.2.aa
=LAS  \\$aBATCH$b00$c20091205$lBLL01$h2308

