=LDR  01041 am a22003013  4500
=001  005350300
=003  Uk
=005  20091205230800.0
=008  971118|||||||||gw\\\\\||\\\\||||\||ger\|
=FMT  \\$a  BK
=019  0\$as082279004
=040  \\$aUk$cUk
=084  \\$aRX 81$2blsrissc
=110  2\$aWalcker und Co., E. F.
=245  00$a[Two pamphlets describing various organs installed by the firm].
=260  \\$aKöln :$bVerlag Tischer & Jagenberg, G.m.b.H.,$c[1926-37]
=300  \\$apt (f2) ;$c22cm.
=336  \\$atext$2rdacontent
=337  \\$aunmediated$2rdamedia
=338  \\$avolume$2rdacarrier
=505  0\$a1: "Die Grosse Walckerorgel im Städtischen Saalbau in Recklinghausen" - 2: "E. F. Walcker & Cie., Orgelbau, Ludwigsburg".
=852  71$aBritish Library$bSTI$cRES$kTrade Literature Collection$2blsrissc
=CAT  \\$aCONV$b00$c20040502$lBLL01$h1057
=CAT  \\$aBATCH$b00$c20091205$lBLL01$h2308
=FIN  \\$aY
=LEO  \\$aMP26.0000004749
=SRC  \\$aSRI02$bbibmp26.200404.2.aa
=LAS  \\$aBATCH$b00$c20091205$lBLL01$h2308

