=LDR  00898 am a22003013  4500
=001  005350513
=003  Uk
=005  20091205230800.0
=008  960730|1943\\\\enk\\\\||\\\\||||\||eng\|
=FMT  \\$a  BK
=019  0\$as082718008
=040  \\$aUk$cUk
=084  \\$aTK 54$2blsrissc
=110  2\$aRubber Bonders, Limited.
=245  10$a[Notes on rubber bonded to metal].
=260  \\$aDunstable :$bRubber Bonders, Limited,$c1943.
=300  \\$aCollection of sheets ;$c35cm.
=336  \\$atext$2rdacontent
=337  \\$aunmediated$2rdamedia
=338  \\$asheet$2rdacarrier
=500  \\$aPositive photostats.
=852  71$aBritish Library$bSTI$cRES$kTrade Literature Collection
=CAT  \\$aCONV$b00$c20040502$lBLL01$h1057
=CAT  \\$aBATCH$b00$c20091205$lBLL01$h2308
=FIN  \\$aY
=LEO  \\$aMP26.0000004962
=SRC  \\$aSRI02$bbibmp26.200404.2.aa
=LAS  \\$aBATCH$b00$c20091205$lBLL01$h2308

