=LDR  00920 am a22002893  4500
=001  005350619
=003  Uk
=005  20091205230800.0
=008  960730|||||||||xxu\\\\||\\\\||||\||eng\|
=FMT  \\$a  BK
=019  0\$as082953007
=040  \\$aUk$cUk
=084  \\$aVN 01$2blsrissc
=110  2\$aRobert Stephenson and Hawthorns, Ltd.
=245  10$a[Collection of pamphlets on steam and electric locomotives].
=260  \\$aNewcastle-upon-Tyne :$bRobert Stephenson and Hawthorns, Ltd,$c[1929]
=300  \\$a12 pt ;$c28cm.
=336  \\$atext$2rdacontent
=337  \\$aunmediated$2rdamedia
=338  \\$avolume$2rdacarrier
=852  71$aBritish Library$bSTI$cRES$kTrade Literature Collection$2blsrissc
=CAT  \\$aCONV$b00$c20040502$lBLL01$h1057
=CAT  \\$aBATCH$b00$c20091205$lBLL01$h2308
=FIN  \\$aY
=LEO  \\$aMP26.0000005068
=SRC  \\$aSRI02$bbibmp26.200404.2.aa
=LAS  \\$aBATCH$b00$c20091205$lBLL01$h2308

