=LDR  00970 am a22003133  4500
=001  005350658
=003  Uk
=005  20140906180600.0
=008  960903|||||||||enk\\\\||\\\\||||\||eng\|
=FMT  \\$a  BK
=019  0\$as083093001
=040  \\$aUk$cUk
=084  \\$aMP 61(R1)$2blsrissc
=110  2\$aCourtaulds (Firm)
=245  14$aThe processing of "Rayolanda" :$ba Courtauld fibre.
=260  \\$a[Coventry] :$bCourtaulds, Ltd,$c[1944?]
=300  \\$a46p. ;$c21cm.
=336  \\$atext$2rdacontent
=337  \\$aunmediated$2rdamedia
=338  \\$avolume$2rdacarrier
=852  71$aBritish Library$bSTI$kTrade Literature Collection$2blsrissc
=CAT  \\$aCONV$b00$c20040502$lBLL01$h1057
=CAT  \\$aBATCH$b00$c20091205$lBLL01$h2308
=CAT  \\$aBATCH-UPD$b00$c20120803$lBLL01$h2135
=CAT  \\$aBATCH-UPD$b00$c20140906$lBLL01$h1806
=FIN  \\$aY
=LEO  \\$aMP26.0000005107
=SRC  \\$aSRI02$bbibmp26.200404.2.aa
=LAS  \\$aBATCH-UPD$b00$c20140906$lBLL01$h1806

