=LDR  00845 am a22002893  4500
=001  005350811
=003  Uk
=005  20091205230800.0
=008  961022|1945\\\\xxu\\\\||\\\\||||\||eng\|
=FMT  \\$a  BK
=019  0\$as083506004
=040  \\$aUk$cUk
=084  \\$aNB 74$2blsrissc
=110  2\$aHoughton and Co., E. F.
=245  10$aRust :$bcauses and prevention.
=260  \\$aPhiladelphia :$bE. F. Houghton,$c1945.
=300  \\$a80p. ;$c23cm.
=336  \\$atext$2rdacontent
=337  \\$aunmediated$2rdamedia
=338  \\$avolume$2rdacarrier
=852  71$aBritish Library$bSTI$cRES$kTrade Literature Collection$2blsrissc
=CAT  \\$aCONV$b00$c20040502$lBLL01$h1057
=CAT  \\$aBATCH$b00$c20091205$lBLL01$h2308
=FIN  \\$aY
=LEO  \\$aMP26.0000005260
=SRC  \\$aSRI02$bbibmp26.200404.2.aa
=LAS  \\$aBATCH$b00$c20091205$lBLL01$h2308

