=LDR  00963 am a22003013  4500
=001  005350843
=003  Uk
=005  20190423170213.0
=008  960813|||||||||stk\\\\||\\\\||||\||eng\|
=FMT  \\$a  BK
=019  0\$as083601007
=040  \\$aUk$cUk
=084  \\$aVU 41$2blsrissc
=110  2\$aFindlay and Company, Alexander, Ltd.
=245  10$aMulberry pier heads :$bhow they were built by Findlay's of Motherwell.
=260  \\$aMotherwell :$bthe Company,$c[1945]
=300  \\$a30 pages ;$c14 x 22 cm.
=336  \\$atext$2rdacontent
=337  \\$aunmediated$2rdamedia
=338  \\$avolume$2rdacarrier
=852  71$aBritish Library$bSTI$cRES$kTrade Literature Collection$2blsrissc
=CAT  \\$aCONV$b00$c20040502$lBLL01$h1057
=CAT  \\$aBATCH$b00$c20091205$lBLL01$h2308
=CAT  \\$aW1903-0505$b00$c20190423$lBLL01$h1702
=FIN  \\$aY
=LEO  \\$aMP26.0000005292
=SRC  \\$aSRI02$bbibmp26.200404.2.aa
=LAS  \\$aW1903-0505$b00$c20190423$lBLL01$h1702

