=LDR  01132 am a22003613  4500
=001  005351008
=003  Uk
=005  20181214190300.0
=008  960903|||||||||enk\\\\||\\\\||||\||eng\|
=FMT  \\$a  BK
=019  0\$as083992006
=040  \\$aUk$cUk
=084  \\$aML 57$2blsrissc
=084  \\$aMN 90$2blsrissc
=084  \\$aMP 20$2blsrissc
=110  2\$aPlatt Brothers and Company, Ltd.
=245  10$a[Collection of pamphlets on textile machinery].
=264  \1$aOldham :$bThe Company,$c[1938-51]
=300  \\$a27 parts ;$c(8º)
=336  \\$atext$2rdacontent
=337  \\$aunmediated$2rdamedia
=338  \\$avolume$2rdacarrier
=340  \\$m8vo$2rdabf
=852  71$aBritish Library$bSTI$cRES$kTrade Literature Collection$2blsrissc
=985  \\$aCorrected by MS generated file for WR# 1805-0738
=CAT  \\$aCONV$b00$c20040502$lBLL01$h1057
=CAT  \\$aBATCH$b00$c20091205$lBLL01$h2308
=CAT  \\$a1805-0738$c20181214$lBLL01$h1829
=CAT  \\$a1805-0738$b00$c20181214$lBLL01$h1903
=FIN  \\$aY
=LEO  \\$aMP26.0000005457
=SRC  \\$aSRI02$bbibmp26.200404.2.aa
=LAS  \\$a1805-0738$b00$c20181214$lBLL01$h1903

