=LDR  00908 am a22003133  4500
=001  005352152
=003  Uk
=005  20091205230900.0
=008  960423|||||||||enk\\\\||\\\\||||\||eng\|
=FMT  \\$a  BK
=019  0\$as086747002
=040  \\$aUk$cUk
=084  \\$aMQ 21(F)$2blsrissc
=084  \\$aMQ 10$2blsrissc
=110  2\$aFox and Company, Samuel, Ltd.
=245  10$aUmbrella frames 1848-1948 /$c[compiled by S. Moxon].
=260  \\$aStockbridge,$c[1948?]
=300  \\$a56p. ;$c26cm.
=336  \\$atext$2rdacontent
=337  \\$aunmediated$2rdamedia
=338  \\$avolume$2rdacarrier
=700  1\$aMoxon, Stanley.
=852  71$aBritish Library$bSTI$kTrade Literature Collection
=CAT  \\$aCONV$b00$c20040502$lBLL01$h1057
=CAT  \\$aBATCH$b00$c20091205$lBLL01$h2309
=FIN  \\$aY
=LEO  \\$aMP26.0000006601
=SRC  \\$aSRI02$bbibmp26.200404.2.aa
=LAS  \\$aBATCH$b00$c20091205$lBLL01$h2309

