=LDR  00919 am a22002893  4500
=001  005352311
=003  Uk
=005  20091205230900.0
=008  960806|1948\\\\enk\\\\||\\\\||||\||eng\|
=FMT  \\$a  BK
=019  0\$as087198002
=040  \\$aUk$cUk
=084  \\$aAC 483$2blsrissc
=110  2\$aRemington Rand, Ltd.
=245  14$aThe Companies Registration Office adopts Rem-Rand Linedex equipment for a multi-purpose index of half a million names.
=260  \\$aLondon :$bRemington Rand, Ltd,$c1948.
=300  \\$a41p. ;$c28cm.
=336  \\$atext$2rdacontent
=337  \\$aunmediated$2rdamedia
=338  \\$avolume$2rdacarrier
=852  71$aBritish Library$bSTI$cRES$kTrade Literature$2blsrissc
=CAT  \\$aCONV$b00$c20040502$lBLL01$h1057
=CAT  \\$aBATCH$b00$c20091205$lBLL01$h2309
=FIN  \\$aY
=LEO  \\$aMP26.0000006760
=SRC  \\$aSRI02$bbibmp26.200404.2.aa
=LAS  \\$aBATCH$b00$c20091205$lBLL01$h2309

