=LDR  00891 am a22003013  4500
=001  005352561
=003  Uk
=005  20091205230900.0
=008  961029|1949\\\\xxu\\\\||\\\\||||\||eng\|
=FMT  \\$a  BK
=019  0\$as087748002
=040  \\$aUk$cUk
=084  \\$aTE 09(A1)$2blsrissc
=110  2\$aReynolds Metals Comapny.
=245  10$aDesigning with aluminum extrusions.
=260  \\$aLouisville, Ky. :$bthe Company,$c1949.
=300  \\$a138p. ;$c22cm.
=336  \\$atext$2rdacontent
=337  \\$aunmediated$2rdamedia
=338  \\$avolume$2rdacarrier
=500  \\$aLoose-leaf binder.
=852  71$aBritish Library$bSTI$cRES$kTrade Literature Collection$2blsrissc
=CAT  \\$aCONV$b00$c20040502$lBLL01$h1057
=CAT  \\$aBATCH$b00$c20091205$lBLL01$h2309
=FIN  \\$aY
=LEO  \\$aMP26.0000007010
=SRC  \\$aSRI02$bbibmp26.200404.2.aa
=LAS  \\$aBATCH$b00$c20091205$lBLL01$h2309

