=LDR  01036 am a22003373  4500
=001  005352722
=003  Uk
=005  20171107084000.0
=008  960514|1949\\\\enk\\\\||\\\\||||\||eng\|
=FMT  \\$a  BK
=019  0\$as088113000
=040  \\$aUk$cUk
=084  \\$aRC 43(M)$2blsrissc
=084  \\$aRC 10$2blsrissc
=110  2\$aMetropolitan-Vickers Electrical Export Company.
=245  10$a1899-1949 :$b[a history of the company] /$c[by J. Dummelow].
=260  \\$aManchester :$bthe Company,$c1949.
=300  \\$ax,250p. ;$c29cm.
=336  \\$atext$2rdacontent
=337  \\$aunmediated$2rdamedia
=338  \\$avolume$2rdacarrier
=500  \\$aContains 2 plates.
=700  1\$aDummelow, John.
=852  11$aBritish Library$bSTI$cRES$kTrade Literature Collection
=CAT  \\$aCONV$b00$c20040502$lBLL01$h1057
=CAT  \\$aBATCH$b00$c20091205$lBLL01$h2309
=CAT  \\$a5100$b40$c20171107$lBLL01$h0840
=FIN  \\$aY
=LEO  \\$aMP26.0000007171
=SRC  \\$aSRI02$bbibmp26.200404.2.aa
=LAS  \\$a5100$b40$c20171107$lBLL01$h0840

