=LDR  00875 am a22003013  4500
=001  005352993
=003  Uk
=005  20091205230900.0
=008  960813|1949\\\\xxu\\\\||\\\\||||\||eng\|
=FMT  \\$a  BK
=019  0\$as088849007
=040  \\$aUk$cUk
=084  \\$aSQ 05$2blsrissc
=110  2\$aPittsburgh Piping and Equipment Company.
=245  10$aPittsburgh piping design manual.
=250  \\$a[3rd] ed.
=260  \\$aPittsburgh, Pa. :$bthe Company,$c1949.
=300  \\$a70p. ;$c28cm.
=336  \\$atext$2rdacontent
=337  \\$aunmediated$2rdamedia
=338  \\$avolume$2rdacarrier
=852  71$aBritish Library$bSTI$kTrade Literature Collection
=CAT  \\$aCONV$b00$c20040502$lBLL01$h1057
=CAT  \\$aBATCH$b00$c20091205$lBLL01$h2309
=FIN  \\$aY
=LEO  \\$aMP26.0000007442
=SRC  \\$aSRI02$bbibmp26.200404.2.aa
=LAS  \\$aBATCH$b00$c20091205$lBLL01$h2309

