=LDR  00961 am a22003013  4500
=001  005353018
=003  Uk
=005  20091205230900.0
=008  961022|1950\\\\xxu\\\\||\\\\||||\||eng\|
=FMT  \\$a  BK
=019  0\$as088945006
=040  \\$aUk$cUk
=084  \\$aJJ 16(C5)$2blsrissc
=110  2\$aPittsburgh Plate Glass Company.
=245  10$aSoda ash, Na₂CO₃ /$c[Pittsburgh Plate Glass Company and Southern Alkali Corporation].
=260  \\$aPittsburgh, Pa. :$bthe Company,$c1950.
=300  \\$a64p. ;$c28cm.
=336  \\$atext$2rdacontent
=337  \\$aunmediated$2rdamedia
=338  \\$avolume$2rdacarrier
=710  2\$aSouthern Alkali Corporation.
=852  71$aBritish Library$bSTI$cRES$kTrade Literature Collection$2blsrissc
=CAT  \\$aCONV$b00$c20040502$lBLL01$h1057
=CAT  \\$aBATCH$b00$c20091205$lBLL01$h2309
=FIN  \\$aY
=LEO  \\$aMP26.0000007467
=SRC  \\$aSRI02$bbibmp26.200404.2.aa
=LAS  \\$aBATCH$b00$c20091205$lBLL01$h2309

