=LDR  00995 am a22003133  4500
=001  005353103
=003  Uk
=005  20091205230900.0
=008  961112|||||||||stk\\\\||\\\\||||\||eng\|
=FMT  \\$a  BK
=019  0\$as089154002
=040  \\$aUk$cUk
=084  \\$aMM 48$2blsrissc
=110  2\$aMartin, Black and Company (Wire Ropes), Ltd.
=245  10$a["Speedwell" steel wire ropes for all purposes].
=260  \\$aCoatbridge, Nr. Glasgow :$bthe Company,$c[1950?]
=300  \\$a88p. ;$c11cm.
=336  \\$atext$2rdacontent
=337  \\$aunmediated$2rdamedia
=338  \\$avolume$2rdacarrier
=852  71$aBritish Library$bSTI$cRES$kTrade Literature Collection$2blsrissc
=985  \\$aCorrected by BSS-generated file
=CAT  \\$aCONV$b00$c20040502$lBLL01$h1057
=CAT  \\$aBLSS-CORR$b00$c20080705$lBLL01$h2054
=CAT  \\$aBATCH$b00$c20091205$lBLL01$h2309
=FIN  \\$aY
=LEO  \\$aMP26.0000007552
=SRC  \\$aSRI02$bbibmp26.200404.2.aa
=LAS  \\$aBATCH$b00$c20091205$lBLL01$h2309

