=LDR  00896 am a22003013  4500
=001  005353151
=003  Uk
=005  20091205230900.0
=008  960806|1949\\\\xxu\\\\||\\\\||||\||eng\|
=FMT  \\$a  BK
=019  0\$as089307003
=040  \\$aUk$cUk
=084  \\$aTH 70$2blsrissc
=110  2\$aNicholson File Company.
=245  10$aFile filosophy :$band how to get the most out of files.
=250  \\$a17th ed.
=260  \\$aProvidence, R.I. :$bthe Company,$c1949.
=300  \\$a48p. ;$c23cm.
=336  \\$atext$2rdacontent
=337  \\$aunmediated$2rdamedia
=338  \\$avolume$2rdacarrier
=852  71$aBritish Library$bSTI$cRES$kTrade Literature Collection$2blsrissc
=CAT  \\$aCONV$b00$c20040502$lBLL01$h1057
=CAT  \\$aBATCH$b00$c20091205$lBLL01$h2309
=FIN  \\$aY
=LEO  \\$aMP26.0000007600
=SRC  \\$aSRI02$bbibmp26.200404.2.aa
=LAS  \\$aBATCH$b00$c20091205$lBLL01$h2309

