=LDR  00922 am a22002893  4500
=001  005353378
=003  Uk
=005  20091205231000.0
=008  961112|||||||||enk\\\\||\\\\||||\||eng\|
=FMT  \\$a  BK
=019  0\$as08975400x
=040  \\$aUk$cUk
=084  \\$aRG 10$2blsrissc
=110  2\$aMackie and Company, W., Ltd.
=245  10$aParticular problems in electrical machinery :$ba guide for managements, designers, engineers and buyers.
=260  \\$aLondon :$bW. Mackie and Company,$c[1951?]
=300  \\$a24p. ;$c21cm.
=336  \\$atext$2rdacontent
=337  \\$aunmediated$2rdamedia
=338  \\$avolume$2rdacarrier
=852  71$aBritish Library$bSTI$kTrade Literature Collection$2blsrissc
=CAT  \\$aCONV$b00$c20040502$lBLL01$h1057
=CAT  \\$aBATCH$b00$c20091205$lBLL01$h2310
=FIN  \\$aY
=LEO  \\$aMP26.0000007827
=SRC  \\$aSRI02$bbibmp26.200404.2.aa
=LAS  \\$aBATCH$b00$c20091205$lBLL01$h2310

