=LDR  00975 am a22003133  4500
=001  005353408
=003  Uk
=005  20190423170213.0
=008  970909s1951\\\\enk\\\\||\\\\||||\||eng\|
=FMT  \\$a  BK
=019  0\$as089795008
=040  \\$aUk$cUk
=084  \\$aST 20(F)$2blsrissc
=110  2\$aFisher and Ludlow, Ltd.
=245  10$aF. & L. 100 :$bthe story of a hundred purposeful years.
=260  \\$a[Birmingham],$c[1951?]
=300  \\$a51 pages ;$c20 x 26 cm.
=336  \\$atext$2rdacontent
=337  \\$aunmediated$2rdamedia
=338  \\$avolume$2rdacarrier
=852  71$aBritish Library$bSTI$cBIPC$kTrade Literature Collection$2blsrissc
=CAT  \\$aCONV$b00$c20040502$lBLL01$h1057
=CAT  \\$aBATCH$b00$c20091205$lBLL01$h2310
=CAT  \\$a8874$b40$c20101118$lBLL01$h1303
=CAT  \\$aW1903-0505$b00$c20190423$lBLL01$h1702
=FIN  \\$aY
=LEO  \\$aMP26.0000007857
=SRC  \\$aSRI02$bbibmp26.200404.2.aa
=LAS  \\$aW1903-0505$b00$c20190423$lBLL01$h1702

