=LDR  00844 am a22002893  4500
=001  005353708
=003  Uk
=005  20091205231000.0
=008  961029|1950\\\\xxu\\\\||\\\\||||\||eng\|
=FMT  \\$a  BK
=019  0\$as090533003
=040  \\$aUk$cUk
=084  \\$aTJ 43$2blsrissc
=110  2\$aReynolds Metals Company, Inc.
=245  10$aFinishes for aluminum.
=260  \\$aLouisville. Ky. :$bthe Company,$c1950.
=300  \\$a124p. ;$c22cm.
=336  \\$atext$2rdacontent
=337  \\$aunmediated$2rdamedia
=338  \\$avolume$2rdacarrier
=852  71$aBritish Library$bSTI$cRES$kTrade Literature Collection$2blsrissc
=CAT  \\$aCONV$b00$c20040502$lBLL01$h1057
=CAT  \\$aBATCH$b00$c20091205$lBLL01$h2310
=FIN  \\$aY
=LEO  \\$aMP26.0000008157
=SRC  \\$aSRI02$bbibmp26.200404.2.aa
=LAS  \\$aBATCH$b00$c20091205$lBLL01$h2310

