=LDR  00841 am a22002893  4500
=001  005353978
=003  Uk
=005  20091205231000.0
=008  961002|1951\\\\xxu\\\\||\\\\||||\||eng\|
=FMT  \\$a  BK
=019  0\$as091179009
=040  \\$aUk$cUk
=084  \\$aTJ 12$2blsrissc
=110  2\$aNorton Company.
=245  10$aBarrel-finishing with Alundum tumbling abrasive.
=260  \\$aWorcester, Mass. :$bthe Company,$c1951.
=300  \\$a55p. ;$c18cm.
=336  \\$atext$2rdacontent
=337  \\$aunmediated$2rdamedia
=338  \\$avolume$2rdacarrier
=852  71$aBritish Library$bSTI$kTrade Literature Collection
=CAT  \\$aCONV$b00$c20040502$lBLL01$h1057
=CAT  \\$aBATCH$b00$c20091205$lBLL01$h2310
=FIN  \\$aY
=LEO  \\$aMP26.0000008427
=SRC  \\$aSRI02$bbibmp26.200404.2.aa
=LAS  \\$aBATCH$b00$c20091205$lBLL01$h2310

