=LDR  00964 am a22003133  4500
=001  005354169
=003  Uk
=005  20190423170213.0
=008  960326|||||||||enk\\\\||\\\\||||\||eng\|
=FMT  \\$a  BK
=019  0\$as091783003
=040  \\$aUk$cUk
=084  \\$aVN 09$2blsrissc
=110  2\$aEnglish Electric Company Limited.
=245  10$a"English Electric" electric rolling stock.
=260  \\$aLondon,$c[1952]
=300  \\$a7 sections in 1 volume ;$c25 x 36 cm.
=336  \\$atext$2rdacontent
=337  \\$aunmediated$2rdamedia
=338  \\$asheet$2rdacarrier
=852  11$aBritish Library$bSTI$cRES$kTrade Literature Collection
=CAT  \\$aCONV$b00$c20040502$lBLL01$h1057
=CAT  \\$a7416$b40$c20070326$lBLL01$h1621
=CAT  \\$aBATCH$b00$c20091205$lBLL01$h2310
=CAT  \\$aW1903-0505$b00$c20190423$lBLL01$h1702
=FIN  \\$aY
=LEO  \\$aMP26.0000008618
=SRC  \\$aSRI02$bbibmp26.200404.2.aa
=LAS  \\$aW1903-0505$b00$c20190423$lBLL01$h1702

