=LDR  00827 am a22002893  4500
=001  005354268
=003  Uk
=005  20091205231000.0
=008  970909|1952\\\\xxk\\\\||\\\\||||\||eng\|
=FMT  \\$a  BK
=019  0\$as092085008
=040  \\$aUk$cUk
=084  \\$aSH 64$2blsrissc
=110  2\$aGlenfield and Kennedy, Ltd.
=245  14$aThe first hundred years, 1852-1952.
=260  \\$aKilmarnock,$c1952.
=300  \\$ai,34p. ;$c31cm.
=336  \\$atext$2rdacontent
=337  \\$aunmediated$2rdamedia
=338  \\$avolume$2rdacarrier
=852  71$aBritish Library$bSTI$cBIPC$kTrade Literature Collection
=CAT  \\$aCONV$b00$c20040502$lBLL01$h1057
=CAT  \\$aBATCH$b00$c20091205$lBLL01$h2310
=FIN  \\$aY
=LEO  \\$aMP26.0000008717
=SRC  \\$aSRI02$bbibmp26.200404.2.aa
=LAS  \\$aBATCH$b00$c20091205$lBLL01$h2310

