=LDR  01009 am a22003133  4500
=001  005354733
=003  Uk
=005  20091205231000.0
=008  961112|||||||||enk\\\\||\\\\||||\||eng\|
=FMT  \\$a  BK
=019  0\$as093321007
=040  \\$aUk$cUk
=084  \\$aWU 31$2blsrissc
=110  2\$aImperial Chemical Industries, ltd.$bPlastics Division.
=245  10$aPlanned daylighting :$bthe Dew-Bowley XY sky-factor protractor.
=260  \\$a[Welwyn Garden City] :$bI.C.I.,$c[1953]
=300  \\$a12p. ;$c20cm.
=336  \\$atext$2rdacontent
=337  \\$aunmediated$2rdamedia
=338  \\$avolume$2rdacarrier
=500  \\$aIn envelope, with protractor.
=852  71$aBritish Library$bSTI$cRES$kTrade Literature Collection$2blsrissc
=CAT  \\$aCONV$b00$c20040502$lBLL01$h1057
=CAT  \\$aBATCH-UPD$b00$c20081013$lBLL01$h1349
=CAT  \\$aBATCH$b00$c20091205$lBLL01$h2310
=FIN  \\$aY
=LEO  \\$aMP26.0000009182
=SRC  \\$aSRI02$bbibmp26.200404.2.aa
=LAS  \\$aBATCH$b00$c20091205$lBLL01$h2310

