=LDR  00944 am a22003013  4500
=001  005355014
=003  Uk
=005  20190423170214.0
=008  960305|||||||||enk\\\\||\\\\||||\||eng\|
=FMT  \\$a  BK
=019  0\$as094134006
=040  \\$aUk$cUk
=084  \\$aNM 24(W)$2blsrissc
=110  2\$aWoodall-Duckham Construction Company, Ltd.
=245  10$a50 years of coal carbonisation, 1903-1953.
=260  \\$aLondon :$bWoodall-Duckham,$c[1953]
=300  \\$a43 pages ;$c22 x 29 cm.
=336  \\$atext$2rdacontent
=337  \\$aunmediated$2rdamedia
=338  \\$avolume$2rdacarrier
=852  71$aBritish Library$bSTI$cRES$kTrade Literature Collection$2blsrissc
=CAT  \\$aCONV$b00$c20040502$lBLL01$h1057
=CAT  \\$aBATCH$b00$c20091205$lBLL01$h2310
=CAT  \\$aW1903-0505$b00$c20190423$lBLL01$h1702
=FIN  \\$aY
=LEO  \\$aMP26.0000009463
=SRC  \\$aSRI02$bbibmp26.200404.2.aa
=LAS  \\$aW1903-0505$b00$c20190423$lBLL01$h1702

