=LDR  01021 am a22003133  4500
=001  005355144
=003  Uk
=005  20091205231000.0
=008  961022|1953\\\\xxu\\\\||\\\\||||\||eng\|
=FMT  \\$a  BK
=019  0\$as094547009
=040  \\$aUk$cUk
=084  \\$aNE 20$2blsrissc
=084  \\$aNQ 63$2blsrissc
=110  2\$aUnited States Steel Corporation.
=245  10$aPerformance of stainless steels in petroleum refinery service ... data on corrosion resistance and high temperature properties.
=260  \\$aPittsburgh, Pa. :$bthe Corporation,$c1953.
=300  \\$a44p. ;$c28cm.
=336  \\$atext$2rdacontent
=337  \\$aunmediated$2rdamedia
=338  \\$avolume$2rdacarrier
=500  \\$aContains 1 plate.
=852  71$aBritish Library$bSTI$cRES$kTrade Literature Collection$2blsrissc
=CAT  \\$aCONV$b00$c20040502$lBLL01$h1057
=CAT  \\$aBATCH$b00$c20091205$lBLL01$h2310
=FIN  \\$aY
=LEO  \\$aMP26.0000009593
=SRC  \\$aSRI02$bbibmp26.200404.2.aa
=LAS  \\$aBATCH$b00$c20091205$lBLL01$h2310

