=LDR  00943 am a22003133  4500
=001  005355199
=003  Uk
=005  20180927141125.0
=008  961022|1954\\\\enk\\\\||\\\\||||\||eng\|
=FMT  \\$a  BK
=019  0\$as094755000
=040  \\$aUk$cUk
=084  \\$aNQ 06(A)$2blsrissc
=110  2\$aAnglo-Iranian Oil Company.
=245  10$aSunbury research station.
=260  \\$aSunbury-on-Thames :$bAnglo-Iranian Oil Company, Ltd.,$c1954.
=300  \\$a[20]p. ;$c28cm.
=336  \\$atext$2rdacontent
=337  \\$aunmediated$2rdamedia
=338  \\$avolume$2rdacarrier
=500  \\$aContains 1 folded plate.
=852  71$aBritish Library$bSTI$kTrade Literature Collection
=CAT  \\$aCONV$b00$c20040502$lBLL01$h1057
=CAT  \\$aBATCH$b00$c20091205$lBLL01$h2310
=CAT  \\$a8871$b40$c20180927$lBLL01$h1411
=FIN  \\$aY
=LEO  \\$aMP26.0000009648
=SRC  \\$aSRI02$bbibmp26.200404.2.aa
=LAS  \\$a8871$b40$c20180927$lBLL01$h1411

