=LDR  00949 am a22003133  4500
=001  005355242
=003  Uk
=005  20091205231000.0
=008  961022|1954\\\\xxu\\\\||\\\\||||\||eng\|
=FMT  \\$a  BK
=019  0\$as094917000
=040  \\$aUk$cUk
=084  \\$aNG 60(Z)$2blsrissc
=110  2\$aCarborundum Metals Company, Inc.
=245  10$aFacts about zirconium /$c[Carborundum Metals Company, Inc., and Carborundum Company].
=260  \\$aNew York :$bC.M.C.,$c1954.
=300  \\$a65p. ;$c18cm.
=336  \\$atext$2rdacontent
=337  \\$aunmediated$2rdamedia
=338  \\$avolume$2rdacarrier
=504  \\$aBibl. (4p)
=710  2\$aCarborundum Company.
=852  71$aBritish Library$bSTI$kTrade Literature Collection
=CAT  \\$aCONV$b00$c20040502$lBLL01$h1057
=CAT  \\$aBATCH$b00$c20091205$lBLL01$h2310
=FIN  \\$aY
=LEO  \\$aMP26.0000009691
=SRC  \\$aSRI02$bbibmp26.200404.2.aa
=LAS  \\$aBATCH$b00$c20091205$lBLL01$h2310

