=LDR  00868 am a22002893  4500
=001  005355346
=003  Uk
=005  20091205231000.0
=008  960312|1953\\\\xxu\\\\||\\\\||||\||eng\|
=FMT  \\$a  BK
=019  0\$as095239006
=040  \\$aUk$cUk
=084  \\$aAA 8$2blsrissc
=110  2\$aAmerican Cyanamid Company.
=245  10$aChemicals for the chemical industry :$b[a collection of pamphlets].
=260  \\$aNew York :$bA.C.Co.,$c1953-54.
=300  \\$a8 pt. in 1v ;$c28cm.
=336  \\$atext$2rdacontent
=337  \\$aunmediated$2rdamedia
=338  \\$avolume$2rdacarrier
=852  71$aBritish Library$bSTI$kTrade Literature Collection
=CAT  \\$aCONV$b00$c20040502$lBLL01$h1057
=CAT  \\$aBATCH$b00$c20091205$lBLL01$h2310
=FIN  \\$aY
=LEO  \\$aMP26.0000009795
=SRC  \\$aSRI02$bbibmp26.200404.2.aa
=LAS  \\$aBATCH$b00$c20091205$lBLL01$h2310

