=LDR  00854 am a22002893  4500
=001  005355426
=003  Uk
=005  20091205231000.0
=008  960820|||||||||enk\\\\||\\\\||||\||eng\|
=FMT  \\$a  BK
=019  0\$as095411003
=040  \\$aUk$cUk
=084  \\$aUP 23(W)$2blsrissc
=110  2\$aWebley and Scott, Ltd.
=245  10$aWebley [firearms] :$b1790-1953.
=260  \\$aBirmingham :$bWebley and Scott, Ltd,$c[1953]
=300  \\$a36p. ;$c22cm.
=336  \\$atext$2rdacontent
=337  \\$aunmediated$2rdamedia
=338  \\$avolume$2rdacarrier
=852  71$aBritish Library$bSTI$cRES$kTrade Literature Collection$2blsrissc
=CAT  \\$aCONV$b00$c20040502$lBLL01$h1057
=CAT  \\$aBATCH$b00$c20091205$lBLL01$h2310
=FIN  \\$aY
=LEO  \\$aMP26.0000009875
=SRC  \\$aSRI02$bbibmp26.200404.2.aa
=LAS  \\$aBATCH$b00$c20091205$lBLL01$h2310

