=LDR  00853 am a22002893  4500
=001  005355803
=003  Uk
=005  20091205231100.0
=008  961029|1955\\\\xxu\\\\||\\\\||||\||eng\|
=FMT  \\$a  BK
=019  0\$as096578009
=040  \\$aUk$cUk
=084  \\$aTE 09(A1)$2blsrissc
=110  2\$aAluminum Company of America.
=245  10$aProcess industries applications of Alcoa aluminum.
=260  \\$aPittsburgh, Pa. :$bAlcoa,$c1955.
=300  \\$a80p. ;$c28cm.
=336  \\$atext$2rdacontent
=337  \\$aunmediated$2rdamedia
=338  \\$avolume$2rdacarrier
=852  71$aBritish Library$bSTI$kTrade Literature Collection
=CAT  \\$aCONV$b00$c20040502$lBLL01$h1057
=CAT  \\$aBATCH$b00$c20091205$lBLL01$h2311
=FIN  \\$aY
=LEO  \\$aMP26.0000010252
=SRC  \\$aSRI02$bbibmp26.200404.2.aa
=LAS  \\$aBATCH$b00$c20091205$lBLL01$h2311

