=LDR  00933 am a22003013  4500
=001  005355842
=003  Uk
=005  20091205231100.0
=008  961112|1955\\\\gw\\\\\||\\\\||||\||ger\|
=FMT  \\$a  BK
=019  0\$as096687002
=040  \\$aUk$cUk
=084  \\$aRC 44(O)$2blsrissc
=110  2\$aOsram, G.m.b.H. Kommanditgesellschaft.
=245  10$aOsram, 1945/1955 :$b10 Jahre Wiederaufbau und Ausbau.
=260  \\$aBerlin :$bOsram,$c1955.
=300  \\$a64p. ;$c30cm.
=336  \\$atext$2rdacontent
=337  \\$aunmediated$2rdamedia
=338  \\$avolume$2rdacarrier
=490  0\$aOsram Nachrichten. Sonderausgabe ;$vJune 1955
=852  71$aBritish Library$bSTI$cRES$kTrade Literature Collection$2blsrissc
=CAT  \\$aCONV$b00$c20040502$lBLL01$h1057
=CAT  \\$aBATCH$b00$c20091205$lBLL01$h2311
=FIN  \\$aY
=LEO  \\$aMP26.0000010291
=SRC  \\$aSRI02$bbibmp26.200404.2.aa
=LAS  \\$aBATCH$b00$c20091205$lBLL01$h2311

