=LDR  00924 am a22003013  4500
=001  005356005
=003  Uk
=005  20101118130352.0
=008  960227s1955\\\\gw\\\\\||\\\\||||\||ger\|
=FMT  \\$a  BK
=019  0\$as097175005
=040  \\$aUk$cUk
=084  \\$aTR 19(G)$2blsrissc
=110  2\$aGesellschaft für Förderanlagen Ernst Heckel m.b.H.
=245  10$a50 Jahre Heckel Anlagen, 1905-55.
=260  \\$aSaarbrücken :$bHeckel,$c[1955]
=300  \\$a68p. ;$c31cm.
=336  \\$atext$2rdacontent
=337  \\$aunmediated$2rdamedia
=338  \\$avolume$2rdacarrier
=852  71$aBritish Library$bSTI$cBIPC$kTrade Literature Collection$2blsrissc
=CAT  \\$aCONV$b00$c20040502$lBLL01$h1057
=CAT  \\$aBATCH$b00$c20091205$lBLL01$h2311
=CAT  \\$a8874$b40$c20101118$lBLL01$h1303
=FIN  \\$aY
=LEO  \\$aMP26.0000010454
=SRC  \\$aSRI02$bbibmp26.200404.2.aa
=LAS  \\$a8874$b40$c20101118$lBLL01$h1303

