=LDR  00877 am a22003013  4500
=001  005356018
=003  Uk
=005  20180918110257.0
=008  961029|||||||||enk\\\\||\\\\||||\||eng\|
=FMT  \\$a  BK
=019  0\$as097205001
=040  \\$aUk$cUk
=084  \\$aMV 95$2blsrissc
=110  2\$aRoyal Doulton Limited.
=245  10$aMaking porcelain insulators.
=260  \\$aLondon :$bDoulton,$c[1955]
=300  \\$a35p. ;$c25cm.
=336  \\$atext$2rdacontent
=337  \\$aunmediated$2rdamedia
=338  \\$avolume$2rdacarrier
=852  71$aBritish Library$bSTI$cRES$kTrade Literature Collection$2blsrissc
=CAT  \\$aCONV$b00$c20040502$lBLL01$h1057
=CAT  \\$aBATCH$b00$c20091205$lBLL01$h2311
=CAT  \\$a8874$b40$c20180918$lBLL01$h1102
=FIN  \\$aY
=LEO  \\$aMP26.0000010467
=SRC  \\$aSRI02$bbibmp26.200404.2.aa
=LAS  \\$a8874$b40$c20180918$lBLL01$h1102

