=LDR  00824 am a22002893  4500
=001  005356281
=003  Uk
=005  20091205231100.0
=008  971125|||||||||gw\\\\\||\\\\||||\||ger\|
=FMT  \\$a  BK
=019  0\$as097992003
=040  \\$aUk$cUk
=084  \\$aST 339(G2)$2blsrissc
=110  2\$aVereingte Deutsche Metallwerke, A. G.
=245  10$a25 Jahre V. D. M.
=260  \\$aFrankfurt,(Main),$c[1955?]
=300  \\$a84p. ;$c33cm.
=336  \\$atext$2rdacontent
=337  \\$aunmediated$2rdamedia
=338  \\$avolume$2rdacarrier
=852  71$aBritish Library$bSTI$kTrade Literature Collection
=CAT  \\$aCONV$b00$c20040502$lBLL01$h1057
=CAT  \\$aBATCH$b00$c20091205$lBLL01$h2311
=FIN  \\$aY
=LEO  \\$aMP26.0000010730
=SRC  \\$aSRI02$bbibmp26.200404.2.aa
=LAS  \\$aBATCH$b00$c20091205$lBLL01$h2311

