=LDR  00971 am a22003133  4500
=001  005356482
=003  Uk
=005  20091205231100.0
=008  960813|1955\\\\xxu\\\\||\\\\||||\||eng\|
=FMT  \\$a  BK
=019  0\$as098490001
=040  \\$aUk$cUk
=084  \\$aW 017$2blsrissc
=110  2\$aSmith Engineering Works.
=245  10$aAggregate producers handbook /$c[edited by D. D. Barnes].
=260  \\$aMilwaukee, Wis. :$bSmith Engineering,$c1955.
=300  \\$a124p. ;$c17cm.
=336  \\$atext$2rdacontent
=337  \\$aunmediated$2rdamedia
=338  \\$avolume$2rdacarrier
=500  \\$aIncludes details of the Company's "Telsmith" equipment.
=700  1\$aBarnes, Donald D.
=852  71$aBritish Library$bSTI$kTrade Literature Collection
=CAT  \\$aCONV$b00$c20040502$lBLL01$h1057
=CAT  \\$aBATCH$b00$c20091205$lBLL01$h2311
=FIN  \\$aY
=LEO  \\$aMP26.0000010931
=SRC  \\$aSRI02$bbibmp26.200404.2.aa
=LAS  \\$aBATCH$b00$c20091205$lBLL01$h2311

