=LDR  00868 am a22003133  4500
=001  005356698
=003  Uk
=005  20100122101700.0
=008  970909|||||||||enk\\\\||\\\\||||\||eng\|
=FMT  \\$a  BK
=019  0\$as099158000
=040  \\$aUk$cUk
=084  \\$aLL 47$2blsrissc
=110  2\$aBryant & May.
=245  10$aMatch making /$cby W. Lucas.
=260  \\$aLondon,$c[1956]
=300  \\$a39p. ;$c21cm.
=336  \\$atext$2rdacontent
=337  \\$aunmediated$2rdamedia
=338  \\$avolume$2rdacarrier
=700  1\$aLucas, W.
=852  71$aBritish Library$bSTI$kTrade Literature Collection
=CAT  \\$aCONV$b00$c20040502$lBLL01$h1057
=CAT  \\$aBATCH$b00$c20091205$lBLL01$h2311
=CAT  \\$a8964$b40$c20100122$lBLL01$h1017
=FIN  \\$aY
=LEO  \\$aMP26.0000011147
=SRC  \\$aSRI02$bbibmp26.200404.2.aa
=LAS  \\$a8964$b40$c20100122$lBLL01$h1017

