=LDR  01029 am a22003133  4500
=001  005357150
=003  Uk
=005  20190423170214.0
=008  960806|||||||||ge\\\\\||\\\\||||\||ger\|
=FMT  \\$a  BK
=019  0\$as10045500x
=040  \\$aUk$cUk
=084  \\$aQN 80(Z)$2blsrissc
=110  2\$aZeiss, Carl, VEB, Jena.
=245  10$a110 Jahre Carl Zeiss, Jena :$bTradition und Fortschritt des Jenaer Zeiss Geräteschaffens.
=260  \\$aJena :$bder VEB,$c[1956]
=300  \\$a70 pages ;$c21 x 21 cm.
=336  \\$atext$2rdacontent
=337  \\$aunmediated$2rdamedia
=338  \\$avolume$2rdacarrier
=500  \\$aCover title: "Tradition und Fortschritte, 1846-1956".
=852  71$aBritish Library$bSTI$kTrade Literature Collection$2blsrissc
=CAT  \\$aCONV$b00$c20040502$lBLL01$h1057
=CAT  \\$aBATCH$b00$c20091205$lBLL01$h2311
=CAT  \\$aW1903-0505$b00$c20190423$lBLL01$h1702
=FIN  \\$aY
=LEO  \\$aMP26.0000011599
=SRC  \\$aSRI02$bbibmp26.200404.2.aa
=LAS  \\$aW1903-0505$b00$c20190423$lBLL01$h1702

