=LDR  00951 am a22003133  4500
=001  005357224
=003  Uk
=005  20091205231100.0
=008  961112|||||||||enk\\\\||\\\\||||\||eng\|
=FMT  \\$a  BK
=019  0\$as100627005
=040  \\$aUk$cUk
=084  \\$aMA 92$2blsrissc
=110  2\$aManders Printing Inks, Ltd.
=245  10$aManders guide to letterpress printing ink selection /$c[by F. J. Johnston].
=250  \\$a[New ed.]
=260  \\$aWolverhampton :$bthe Company,$c[1956]
=300  \\$a18p. ;$c21cm.
=336  \\$atext$2rdacontent
=337  \\$aunmediated$2rdamedia
=338  \\$avolume$2rdacarrier
=700  1\$aJohnston, F. J.
=852  71$aBritish Library$bSTI$cRES$kTrade Literature Collection$2blsrissc
=CAT  \\$aCONV$b00$c20040502$lBLL01$h1057
=CAT  \\$aBATCH$b00$c20091205$lBLL01$h2311
=FIN  \\$aY
=LEO  \\$aMP26.0000011673
=SRC  \\$aSRI02$bbibmp26.200404.2.aa
=LAS  \\$aBATCH$b00$c20091205$lBLL01$h2311

