=LDR  00876 am a22002893  4500
=001  005357937
=003  Uk
=005  20091205231200.0
=008  961112|||||||||enk\\\\||\\\\||||\||eng\|
=FMT  \\$a  BK
=019  0\$as102809003
=040  \\$aUk$cUk
=084  \\$aRD 35(F)$2blsrissc
=110  2\$aFuller Electric, Ltd.
=245  10$aSixty years of progress :$ba pictorial history of Fuller Electric Limited.
=260  \\$aLondon :$bthe Company,$c[1958]
=300  \\$a10p. ;$c28cm.
=336  \\$atext$2rdacontent
=337  \\$aunmediated$2rdamedia
=338  \\$avolume$2rdacarrier
=852  71$aBritish Library$bSTI$kTade Literature Collection$2blsrissc
=CAT  \\$aCONV$b00$c20040502$lBLL01$h1057
=CAT  \\$aBATCH$b00$c20091205$lBLL01$h2312
=FIN  \\$aY
=LEO  \\$aMP26.0000012386
=SRC  \\$aSRI02$bbibmp26.200404.2.aa
=LAS  \\$aBATCH$b00$c20091205$lBLL01$h2312

