=LDR  00875 am a22003013  4500
=001  005357958
=003  Uk
=005  20091205231200.0
=008  960806|||||||||enk\\\\||\\\\||||\||eng\|
=FMT  \\$a  BK
=019  0\$as102859000
=040  \\$aUk$cUk
=084  \\$aQV 53$2blsrissc
=110  2\$aAllen and Company, Edgar, Ltd.
=245  10$aHymax permanent magnets.
=260  \\$aSheffield :$bthe Company,$c[1958]
=300  \\$a36p. ;$c21cm.
=336  \\$atext$2rdacontent
=337  \\$aunmediated$2rdamedia
=338  \\$avolume$2rdacarrier
=490  0\$aPublication ;$vNo. 71B
=852  71$aBritish Library$bSTI$kTrade Literature Collection$2blsrissc
=CAT  \\$aCONV$b00$c20040502$lBLL01$h1057
=CAT  \\$aBATCH$b00$c20091205$lBLL01$h2312
=FIN  \\$aY
=LEO  \\$aMP26.0000012407
=SRC  \\$aSRI02$bbibmp26.200404.2.aa
=LAS  \\$aBATCH$b00$c20091205$lBLL01$h2312

