=LDR  00944 am a22003133  4500
=001  005357961
=003  Uk
=005  20091205231200.0
=008  970909|19||\\\\enk\\\\||\\\\||||\||eng\|
=FMT  \\$a  BK
=019  0\$as102867003
=040  \\$aUk$cUk
=084  \\$aRH 01$2blsrissc
=110  2\$aHaynes Radio, Ltd.
=245  10$aTransformers, chokes, coils & other windings :$ba pictorial publication for the transformer user.
=250  \\$a[new ed]
=260  \\$aEnfield, Middx,$c19.
=300  \\$c22cm.
=336  \\$atext$2rdacontent
=337  \\$aunmediated$2rdamedia
=338  \\$avolume$2rdacarrier
=490  0\$aPublication ;$vno.127
=852  71$aBritish Library$bSTI$cRES$kTrade Literature Collection$2blsrissc
=CAT  \\$aCONV$b00$c20040502$lBLL01$h1057
=CAT  \\$aBATCH$b00$c20091205$lBLL01$h2312
=FIN  \\$aY
=LEO  \\$aMP26.0000012410
=SRC  \\$aSRI02$bbibmp26.200404.2.aa
=LAS  \\$aBATCH$b00$c20091205$lBLL01$h2312

