=LDR  00850 am a22002893  4500
=001  005358004
=003  Uk
=005  20091205231200.0
=008  961022|1958\\\\xxu\\\\||\\\\||||\||eng\|
=FMT  \\$a  BK
=019  0\$as10300100x
=040  \\$aUk$cUk
=084  \\$aMJ 28$2blsrissc
=110  2\$aPhillips Chemical Company.
=245  10$aPhillips rubber research.
=260  \\$aBartlesville, Oklahoma :$bthe Company,$c1958.
=300  \\$a26p. ;$c27cm.
=336  \\$atext$2rdacontent
=337  \\$aunmediated$2rdamedia
=338  \\$avolume$2rdacarrier
=852  71$aBritish Library$bSTI$cRES$kTrade Literature Collection$2blsrissc
=CAT  \\$aCONV$b00$c20040502$lBLL01$h1057
=CAT  \\$aBATCH$b00$c20091205$lBLL01$h2312
=FIN  \\$aY
=LEO  \\$aMP26.0000012453
=SRC  \\$aSRI02$bbibmp26.200404.2.aa
=LAS  \\$aBATCH$b00$c20091205$lBLL01$h2312

