=LDR  00819 am a22002893  4500
=001  005358072
=003  Uk
=005  20091205231200.0
=008  960806|||||||||enk\\\\||\\\\||||\||eng\|
=FMT  \\$a  BK
=019  0\$as10320900x
=040  \\$aUk$cUk
=084  \\$aTD 90$2blsrissc
=110  2\$aWhessoe Ltd.
=245  14$aThe history of Whessoe.
=260  \\$aLondon :$bWhessoe Ltd,$c[1958]
=300  \\$a28p. ;$c25cm.
=336  \\$atext$2rdacontent
=337  \\$aunmediated$2rdamedia
=338  \\$avolume$2rdacarrier
=852  71$aBritish Library$bSTI$cRES$kTrade Literature Collection$2blsrissc
=CAT  \\$aCONV$b00$c20040502$lBLL01$h1057
=CAT  \\$aBATCH$b00$c20091205$lBLL01$h2312
=FIN  \\$aY
=LEO  \\$aMP26.0000012521
=SRC  \\$aSRI02$bbibmp26.200404.2.aa
=LAS  \\$aBATCH$b00$c20091205$lBLL01$h2312

