=LDR  00993 am a22003133  4500
=001  005358158
=003  Uk
=005  20091205231200.0
=008  960924|||||||||gw\\\\\||\\\\||||\||ger\|
=FMT  \\$a  BK
=019  0\$as103431004
=040  \\$aUk$cUk
=084  \\$aNK 89(H)$2blsrissc
=110  2\$aHeinrich, Friedrich, Aktiengesellschaft.
=245  10$a50 Jahre Steinkohlenbergwerk Friedrich Heinrich Aktiengesellschaft, 1906-1956.
=260  \\$aKamp-Lintfort :$bFriedrich Heinrich AG,$c[1956]
=300  \\$a118p. ;$c23cm.
=336  \\$atext$2rdacontent
=337  \\$aunmediated$2rdamedia
=338  \\$avolume$2rdacarrier
=500  \\$aTexte von H. von Haller.
=700  1\$aHaller, Hans von.
=852  71$aBritish Library$bSTI$kTrade Literature Collection$2blsrissc
=CAT  \\$aCONV$b00$c20040502$lBLL01$h1057
=CAT  \\$aBATCH$b00$c20091205$lBLL01$h2312
=FIN  \\$aY
=LEO  \\$aMP26.0000012607
=SRC  \\$aSRI02$bbibmp26.200404.2.aa
=LAS  \\$aBATCH$b00$c20091205$lBLL01$h2312

