=LDR  00972 am a22002893  4500
=001  005358631
=003  Uk
=005  20091205231200.0
=008  961022|1959\\\\enk\\\\||\\\\||||\||eng\|
=FMT  \\$a  BK
=019  0\$as104922001
=040  \\$aUk$cUk
=084  \\$aLT 32(I)$2blsrissc
=110  2\$aImperial Chemical Industries, Ltd.$bHeavy Organic Chemicals Division.
=245  10$aPetroleum chemicals enterprise :$ba description of I.C.I. Heavy Organic Chemicals Division on Tees-side, England.
=260  \\$aBillingham :$bthe Company,$c1959.
=300  \\$a19p. ;$c28cm.
=336  \\$atext$2rdacontent
=337  \\$aunmediated$2rdamedia
=338  \\$avolume$2rdacarrier
=852  71$aBritish Library$bSTI$cRES$kTrade Literature Collection$2blsrissc
=CAT  \\$aCONV$b00$c20040502$lBLL01$h1057
=CAT  \\$aBATCH$b00$c20091205$lBLL01$h2312
=FIN  \\$aY
=LEO  \\$aMP26.0000013080
=SRC  \\$aSRI02$bbibmp26.200404.2.aa
=LAS  \\$aBATCH$b00$c20091205$lBLL01$h2312

