=LDR  00968 am a22003133  4500
=001  005358679
=003  Uk
=005  20091205231200.0
=008  961112|1960\\\\enk\\\\||\\\\||||\||eng\|
=FMT  \\$a  BK
=019  0\$as105118001
=040  \\$aUk$cUk
=084  \\$aWL 92$2blsrissc
=110  2\$aSanderson and Sons, Arthur, Ltd.
=245  12$aA century of Sanderson, 1860-1960.
=260  \\$aLondon :$bSanderson,$c1960.
=300  \\$a43p. ;$c26cm.
=336  \\$atext$2rdacontent
=337  \\$aunmediated$2rdamedia
=338  \\$avolume$2rdacarrier
=500  \\$aContains plates.
=500  \\$aHistory of a firm of wallpaper, furnishing fabric, etc., manufacturers.
=852  71$aBritish Library$bSTI$cRES$kTrade Literature Collection$2blsrissc
=CAT  \\$aCONV$b00$c20040502$lBLL01$h1057
=CAT  \\$aBATCH$b00$c20091205$lBLL01$h2312
=FIN  \\$aY
=LEO  \\$aMP26.0000013128
=SRC  \\$aSRI02$bbibmp26.200404.2.aa
=LAS  \\$aBATCH$b00$c20091205$lBLL01$h2312

