=LDR  00899 am a22003013  4500
=001  005358881
=003  Uk
=005  20091205231200.0
=008  960528|1960\\\\enk\\\\||\\\\||||\||eng\|
=FMT  \\$a  BK
=019  0\$as105724009
=040  \\$aUk$cUk
=084  \\$aRC 43(A)$2blsrissc
=110  2\$aWest, Allen, & Co. Ltd.
=245  14$aThe Allen West story.
=260  \\$aBrighton :$bthe Company,$c1960.
=300  \\$a60p. ;$c22cm.
=336  \\$atext$2rdacontent
=337  \\$aunmediated$2rdamedia
=338  \\$avolume$2rdacarrier
=500  \\$aFifty years of electric control gear development, 1910-1960.
=852  71$aBritish Library$bSTI$cRES$kTrade Literature Collection
=CAT  \\$aCONV$b00$c20040502$lBLL01$h1057
=CAT  \\$aBATCH$b00$c20091205$lBLL01$h2312
=FIN  \\$aY
=LEO  \\$aMP26.0000013330
=SRC  \\$aSRI02$bbibmp26.200404.2.aa
=LAS  \\$aBATCH$b00$c20091205$lBLL01$h2312

