=LDR  00930 am a22002893  4500
=001  005359159
=003  Uk
=005  20091205231200.0
=008  960514|1960\\\\enk\\\\||\\\\||||\||eng\|
=FMT  \\$a  BK
=019  0\$as106522000
=040  \\$aUk$cUk
=084  \\$aVJ 44$2blsrissc
=110  2\$aGirling, Ltd.
=245  10$aGirling service manual :$bmaintenance instructions for brake and clutch equipment fitted to cars and commercial vehicles, 1946 onwards.
=260  \\$aBirmingham :$bthe Company,$c1960-69.
=300  \\$c31cm.
=336  \\$atext$2rdacontent
=337  \\$aunmediated$2rdamedia
=338  \\$avolume$2rdacarrier
=852  71$aBritish Library$bSTI$cRES$kTrade Literature Collection$2blsrissc
=CAT  \\$aCONV$b00$c20040502$lBLL01$h1057
=CAT  \\$aBATCH$b00$c20091205$lBLL01$h2312
=FIN  \\$aY
=LEO  \\$aMP26.0000013608
=SRC  \\$aSRI02$bbibmp26.200404.2.aa
=LAS  \\$aBATCH$b00$c20091205$lBLL01$h2312

