=LDR  00909 am a22003013  4500
=001  005359227
=003  Uk
=005  20160118140731.0
=008  961029s1960\\\\xxu\\\\||\\\\||||\||eng\|
=FMT  \\$a  BK
=019  0\$as106690000
=040  \\$aUk$cUk
=084  \\$aHD 46(M)$2blsrissc
=110  2\$aMerck and Company, Inc.
=245  10$aPatents :$bincentive for research.
=260  \\$aRahway, N.J. :$bMerck and Company, Inc,$c[1960?]
=300  \\$a16p. ;$c23cm.
=336  \\$atext$2rdacontent
=337  \\$aunmediated$2rdamedia
=338  \\$avolume$2rdacarrier
=852  71$aBritish Library$bSTI$cRES$kTrade Literature Collection$2blsrissc
=CAT  \\$aCONV$b00$c20040502$lBLL01$h1057
=CAT  \\$aBATCH$b00$c20091205$lBLL01$h2312
=CAT  \\$a8874$b40$c20160118$lBLL01$h1407
=FIN  \\$aY
=LEO  \\$aMP26.0000013676
=SRC  \\$aSRI02$bbibmp26.200404.2.aa
=LAS  \\$a8874$b40$c20160118$lBLL01$h1407

