=LDR  00887 am a22003013  4500
=001  005359228
=003  Uk
=005  20091205231200.0
=008  961022|1960\\\\enk\\\\||\\\\||||\||eng\|
=FMT  \\$a  BK
=019  0\$as106691007
=040  \\$aUk$cUk
=084  \\$aMD 95$2blsrissc
=100  1\$aGreen, J. Barcham.
=245  10$aOne hundred and fifty years of papermaking by hand.
=260  \\$aMaidstone :$bthe Author,$c1960.
=300  \\$a31p. ;$c21cm.
=336  \\$atext$2rdacontent
=337  \\$aunmediated$2rdamedia
=338  \\$avolume$2rdacarrier
=500  \\$aContains plates.
=852  71$aBritish Library$bSTI$cRES$kTrade Literature Collection$2blsrissc
=CAT  \\$aCONV$b00$c20040502$lBLL01$h1057
=CAT  \\$aBATCH$b00$c20091205$lBLL01$h2312
=FIN  \\$aY
=LEO  \\$aMP26.0000013677
=SRC  \\$aSRI02$bbibmp26.200404.2.aa
=LAS  \\$aBATCH$b00$c20091205$lBLL01$h2312

