=LDR  00861 am a22003013  4500
=001  005359365
=003  Uk
=005  20100122101700.0
=008  971202|1961\\\\enk\\\\||\\\\||||\||eng\|
=FMT  \\$a  BK
=019  0\$as107108003
=040  \\$aUk$cUk
=084  \\$aLL 47$2blsrissc
=110  2\$aBryant & May.
=245  10$aMaking matches :$b1861-1961.
=260  \\$aLondon :$bNewman Neame Ltd,$c1961.
=300  \\$a28p. ;$c24cm.
=336  \\$atext$2rdacontent
=337  \\$aunmediated$2rdamedia
=338  \\$avolume$2rdacarrier
=852  71$aBritish Library$bSTI$kTrade Literature Collection
=CAT  \\$aCONV$b00$c20040502$lBLL01$h1057
=CAT  \\$aBATCH$b00$c20091205$lBLL01$h2312
=CAT  \\$a8964$b40$c20100122$lBLL01$h1017
=FIN  \\$aY
=LEO  \\$aMP26.0000013814
=SRC  \\$aSRI02$bbibmp26.200404.2.aa
=LAS  \\$a8964$b40$c20100122$lBLL01$h1017

