=LDR  00921 am a22003133  4500
=001  005359380
=003  Uk
=005  20190423170214.0
=008  960806|||||||||enk\\\\||\\\\||||\||eng\|
=FMT  \\$a  BK
=019  0\$as107161001
=040  \\$aUk$cUk
=084  \\$aRQ 72(P)$2blsrissc
=110  2\$aPye (Firm)
=245  14$aThe story of Pye.
=260  \\$aCambridge :$bPye,$c[1960]
=300  \\$a28 pages ;$c16 x 23 cm.
=336  \\$atext$2rdacontent
=337  \\$aunmediated$2rdamedia
=338  \\$avolume$2rdacarrier
=852  71$aBritish Library$bSTI$kTrade Literature Collection$2blsrissc
=CAT  \\$aCONV$b00$c20040502$lBLL01$h1057
=CAT  \\$a9572$b40$c20041217$lBLL01$h1536
=CAT  \\$aBATCH$b00$c20091205$lBLL01$h2312
=CAT  \\$aW1903-0505$b00$c20190423$lBLL01$h1702
=FIN  \\$aY
=LEO  \\$aMP26.0000013829
=SRC  \\$aSRI02$bbibmp26.200404.2.aa
=LAS  \\$aW1903-0505$b00$c20190423$lBLL01$h1702

