=LDR  00907 am a22003013  4500
=001  005359602
=003  Uk
=005  20190423170214.0
=008  961112|1961\\\\enk\\\\||\\\\||||\||eng\|
=FMT  \\$a  BK
=019  0\$as107905000
=040  \\$aUk$cUk
=084  \\$aLT 32(A)$2blsrissc
=110  2\$aAlbright and Wilson, Ltd.
=245  10$aSurvey of a chemical group.
=260  \\$aLondon :$bthe Company,$c1961.
=300  \\$a73 pages ;$c22 x 30 cm.
=336  \\$atext$2rdacontent
=337  \\$aunmediated$2rdamedia
=338  \\$avolume$2rdacarrier
=852  71$aBritish Library$bSTI$cRES$kTrade Literature Collection$2blsrissc
=CAT  \\$aCONV$b00$c20040502$lBLL01$h1057
=CAT  \\$aBATCH$b00$c20091205$lBLL01$h2312
=CAT  \\$aW1903-0505$b00$c20190423$lBLL01$h1702
=FIN  \\$aY
=LEO  \\$aMP26.0000014051
=SRC  \\$aSRI02$bbibmp26.200404.2.aa
=LAS  \\$aW1903-0505$b00$c20190423$lBLL01$h1702

