=LDR  01021 am a22003493  4500
=001  005359669
=003  Uk
=005  20161012154131.0
=008  960924|||||||||enk\\\\||\\\\||||\||eng\|
=FMT  \\$a  BK
=019  0\$as108392007
=040  \\$aUk$cUk
=082  04$a632.9517$223
=084  \\$aHE 98(E)$2blsrissc
=110  2\$aShell Chemical Company.
=245  14$aThe safe handling and toxicology of endrin.
=260  \\$aLondon :$bthe Company,$c[1960?]
=300  \\$a31 p. ;$c29 cm.
=336  \\$atext$2rdacontent
=337  \\$aunmediated$2rdamedia
=338  \\$avolume$2rdacarrier
=504  \\$aBibl. (3p)
=650  \0$aEndrin.
=852  71$aBritish Library$bSTI$cRES$kTrade Literature Collection
=CAT  \\$aCONV$b00$c20040502$lBLL01$h1057
=CAT  \\$a9572$b40$c20050615$lBLL01$h1116
=CAT  \\$aBATCH$b00$c20091205$lBLL01$h2312
=CAT  \\$a6550$b40$c20161012$lBLL01$h1541
=FIN  \\$aY
=LEO  \\$aMP26.0000014118
=SRC  \\$aSRI02$bbibmp26.200404.2.aa
=LAS  \\$a6550$b40$c20161012$lBLL01$h1541

