=LDR  00888 am a22002893  4500
=001  005359937
=003  Uk
=005  20091205231300.0
=008  960806|1962\\\\sz\\\\\||\\\\||||\||fre\|
=FMT  \\$a  BK
=019  0\$as109249003
=040  \\$aUk$cUk
=084  \\$aPH 62$2blsrissc
=110  2\$aSociété Genevoise d'instruments de physique.
=245  10$aSociété Genevoise d'instruments de physique, 1862-1962.
=260  \\$aGeneva :$bla Société,$c1962.
=300  \\$a75p. ;$c27cm.
=336  \\$atext$2rdacontent
=337  \\$aunmediated$2rdamedia
=338  \\$avolume$2rdacarrier
=852  71$aBritish Library$bSTI$kTrade Literature Collection$2blsrissc
=CAT  \\$aCONV$b00$c20040502$lBLL01$h1057
=CAT  \\$aBATCH$b00$c20091205$lBLL01$h2313
=FIN  \\$aY
=LEO  \\$aMP26.0000014386
=SRC  \\$aSRI02$bbibmp26.200404.2.aa
=LAS  \\$aBATCH$b00$c20091205$lBLL01$h2313

