=LDR  00918 am a22003013  4500
=001  005359987
=003  Uk
=005  20091205231300.0
=008  961029|||||||||enk\\\\||\\\\||||\||eng\|
=FMT  \\$a  BK
=019  0\$as109360001
=040  \\$aUk$cUk
=084  \\$aNF 245$2blsrissc
=110  2\$aBritish Aluminium Company
=245  14$aThe history of the British Aluminium Comapny Limited, 1894-1955.
=260  \\$aLondon :$bthe Company,$c[1955]
=300  \\$a76p. ;$c27cm.
=336  \\$atext$2rdacontent
=337  \\$aunmediated$2rdamedia
=338  \\$avolume$2rdacarrier
=852  71$aBritish Library$bSTI$kTrade Literature Collection$2blsrissc
=CAT  \\$aCONV$b00$c20040502$lBLL01$h1057
=CAT  \\$a11306$b40$c20080228$lBLL01$h1617
=CAT  \\$aBATCH$b00$c20091205$lBLL01$h2313
=FIN  \\$aY
=LEO  \\$aMP26.0000014436
=SRC  \\$aSRI02$bbibmp26.200404.2.aa
=LAS  \\$aBATCH$b00$c20091205$lBLL01$h2313

