=LDR  00840 am a22002893  4500
=001  005360195
=003  Uk
=005  20091205231300.0
=008  960806|1962\\\\gw\\\\\||\\\\||||\||eng\|
=FMT  \\$a  BK
=019  0\$as109770005
=040  \\$aUk$cUk
=084  \\$aTN 239(G2)$2blsrissc
=110  2\$aKleinewefers Söhne, Johann.
=245  10$aAlong new paths, 1862-1962.
=260  \\$aKrefeld :$bJ.K.S.,$c1962.
=300  \\$a76p. ;$c29cm.
=336  \\$atext$2rdacontent
=337  \\$aunmediated$2rdamedia
=338  \\$avolume$2rdacarrier
=852  71$aBritish Library$bSTI$cRES$kTrade Literature Collection$2blsrissc
=CAT  \\$aCONV$b00$c20040502$lBLL01$h1057
=CAT  \\$aBATCH$b00$c20091205$lBLL01$h2313
=FIN  \\$aY
=LEO  \\$aMP26.0000014644
=SRC  \\$aSRI02$bbibmp26.200404.2.aa
=LAS  \\$aBATCH$b00$c20091205$lBLL01$h2313

