=LDR  00819 am a22002893  4500
=001  005360266
=003  Uk
=005  20091205231300.0
=008  960924|1962\\\\enk\\\\||\\\\||||\||eng\|
=FMT  \\$a  BK
=019  0\$as109926005
=040  \\$aUk$cUk
=084  \\$aND 122$2blsrissc
=110  2\$aThomas and Baldwins, Richard, Ltd.
=245  10$aInto the future.
=260  \\$aLondon :$bthe Company,$c1962.
=300  \\$a56p. ;$c30cm.
=336  \\$atext$2rdacontent
=337  \\$aunmediated$2rdamedia
=338  \\$avolume$2rdacarrier
=852  71$aBritish Library$bSTI$kTrade Literature Collection
=CAT  \\$aCONV$b00$c20040502$lBLL01$h1057
=CAT  \\$aBATCH$b00$c20091205$lBLL01$h2313
=FIN  \\$aY
=LEO  \\$aMP26.0000014715
=SRC  \\$aSRI02$bbibmp26.200404.2.aa
=LAS  \\$aBATCH$b00$c20091205$lBLL01$h2313

