=LDR  00894 am a22002893  4500
=001  005360707
=003  Uk
=005  20091205231300.0
=008  960903|1962\\\\sz\\\\\||\\\\||||\||ger\|
=FMT  \\$a  BK
=019  0\$as110959000
=040  \\$aUk$cUk
=084  \\$aHT 14(Z)$2blsrissc
=110  2\$aZuckerfabrik und Raffinerie Aarberg, A.G.
=245  10$a50 Jahre Zuckerfabrik & Raffinerie Aarberg AG, Aarberg, 1912-1962.
=260  \\$aAarberg :$bdie Gesellschaft,$c1962.
=300  \\$a79p. ;$c30cm.
=336  \\$atext$2rdacontent
=337  \\$aunmediated$2rdamedia
=338  \\$avolume$2rdacarrier
=852  71$aBritish Library$bSTI$kTrade Literature Collection$2blsrissc
=CAT  \\$aCONV$b00$c20040502$lBLL01$h1057
=CAT  \\$aBATCH$b00$c20091205$lBLL01$h2313
=FIN  \\$aY
=LEO  \\$aMP26.0000015156
=SRC  \\$aSRI02$bbibmp26.200404.2.aa
=LAS  \\$aBATCH$b00$c20091205$lBLL01$h2313

