=LDR  00980 am a22003253  4500
=001  005360824
=003  Uk
=005  20111019111400.0
=008  960813|||||||||enk\\\\||\\\\||||\||eng\|
=FMT  \\$a  BK
=019  0\$as111217008
=040  \\$aUk$cUk
=084  \\$aVQ 36(L)$2blsrissc
=110  2\$aLockwood and Carlisle, Ltd.
=245  12$aA chapter of marine history /$c[by E. N. Simons].
=260  \\$aSheffield :$bthe Company,$c[1963]
=300  \\$a75p. ;$c24cm.
=336  \\$atext$2rdacontent
=337  \\$aunmediated$2rdamedia
=338  \\$avolume$2rdacarrier
=500  \\$aContains plates.
=700  1\$aSimons, Eric N.
=852  71$aBritish Library$bSTI$cRES$kTrade Literature Collection$2blsrissc
=CAT  \\$aCONV$b00$c20040502$lBLL01$h1057
=CAT  \\$aBATCH$b00$c20091205$lBLL01$h2313
=CAT  \\$a11306$b40$c20111019$lBLL01$h1114
=FIN  \\$aY
=LEO  \\$aMP26.0000015273
=SRC  \\$aSRI02$bbibmp26.200404.2.aa
=LAS  \\$a11306$b40$c20111019$lBLL01$h1114

