=LDR  00879 am a22002893  4500
=001  005361071
=003  Uk
=005  20091205231300.0
=008  960806|||||||||enk\\\\||\\\\||||\||eng\|
=FMT  \\$a  BK
=019  0\$as111765005
=040  \\$aUk$cUk
=084  \\$aTK 40$2blsrissc
=110  2\$aRobertson and Company, W.H.A., Ltd.
=245  14$aThe Robertson guide to world screw thread series symbols.
=260  \\$aBedford :$bthe Company,$c[1962?]
=300  \\$a103p. ;$c23cm.
=336  \\$atext$2rdacontent
=337  \\$aunmediated$2rdamedia
=338  \\$avolume$2rdacarrier
=852  71$aBritish Library$bSTI$cRES$kTrade Literature Collection$2blsrissc
=CAT  \\$aCONV$b00$c20040502$lBLL01$h1057
=CAT  \\$aBATCH$b00$c20091205$lBLL01$h2313
=FIN  \\$aY
=LEO  \\$aMP26.0000015520
=SRC  \\$aSRI02$bbibmp26.200404.2.aa
=LAS  \\$aBATCH$b00$c20091205$lBLL01$h2313

