=LDR  00847 am a22003013  4500
=001  005361394
=003  Uk
=005  20091205231300.0
=008  960924|1962\\\\enk\\\\||\\\\||||\||eng\|
=FMT  \\$a  BK
=019  0\$as112462006
=040  \\$aUk$cUk
=084  \\$aW 29$2blsrissc
=110  2\$aMandoval, Ltd.
=245  14$aThe vermiculite handbook.
=250  \\$a2nd ed.
=260  \\$aLondon :$bMandoval, Ltd,$c1962.
=300  \\$a40p. ;$c30cm.
=336  \\$atext$2rdacontent
=337  \\$aunmediated$2rdamedia
=338  \\$avolume$2rdacarrier
=852  71$aBritish Library$bSTI$cRES$kTrade Literature Collection$2blsrissc
=CAT  \\$aCONV$b00$c20040502$lBLL01$h1057
=CAT  \\$aBATCH$b00$c20091205$lBLL01$h2313
=FIN  \\$aY
=LEO  \\$aMP26.0000015843
=SRC  \\$aSRI02$bbibmp26.200404.2.aa
=LAS  \\$aBATCH$b00$c20091205$lBLL01$h2313

