=LDR  00889 am a22003013  4500
=001  005363050
=003  Uk
=005  20091205231400.0
=008  960806|||||||||enk\\\\||\\\\||||\||eng\|
=FMT  \\$a  BK
=019  0\$as115867007
=040  \\$aUk$cUk
=084  \\$aQU 03$2blsrissc
=110  2\$aPerkin-Elmer, Ltd.
=245  10$aNuclear magnetic resonance spectrometer instruction manual.
=260  \\$aBeaconsfield :$bthe Company,$c[1964?]
=300  \\$aUnpaged ;$c30cm.
=336  \\$atext$2rdacontent
=337  \\$aunmediated$2rdamedia
=338  \\$avolume$2rdacarrier
=490  0\$aZA 014
=852  71$aBritish Library$bSTI$kTrade Literature Collection$2blsrissc
=CAT  \\$aCONV$b00$c20040502$lBLL01$h1057
=CAT  \\$aBATCH$b00$c20091205$lBLL01$h2314
=FIN  \\$aY
=LEO  \\$aMP26.0000017499
=SRC  \\$aSRI02$bbibmp26.200404.2.aa
=LAS  \\$aBATCH$b00$c20091205$lBLL01$h2314

