=LDR  01231 am a22003733  4500
=001  005363945
=003  Uk
=005  20200619192538.0
=008  960903|1965\\\\enk\\\\||\\\\||||\||eng\|
=FMT  \\$a  BK
=019  0\$as117666009
=040  \\$aUk$cUk
=084  \\$aMV 17$2blsrissc
=110  2\$aRoyal Doulton Limited.
=245  12$aA pattern of progress :$b1815-1965.
=264  \1$aLondon :$bThe Company,$c1965.
=300  \\$a52 pages ;$c4º
=336  \\$atext$2rdacontent
=337  \\$aunmediated$2rdamedia
=338  \\$avolume$2rdacarrier
=500  \\$aSpecial sesquicentennial edition of "Royal Doulton review", q.v.
=740  0\$aRoyal Doulton review.
=852  71$aBritish Library$bSTI$cRES$kTrade Literature Collection$2blsrissc
=985  \\$aCorrected by MS generated file for WR# 1805-0738
=CAT  \\$aCONV$b00$c20040502$lBLL01$h1057
=CAT  \\$aBATCH$b00$c20091205$lBLL01$h2314
=CAT  \\$a8874$b40$c20180918$lBLL01$h1102
=CAT  \\$a1805-0738$c20190121$lBLL01$h1740
=CAT  \\$a1805-0738$b00$c20190121$lBLL01$h1744
=CAT  \\$aW2001-2376$c20200619$lBLL01$h1925
=FIN  \\$aY
=LEO  \\$aMP26.0000018394
=SRC  \\$aSRI02$bbibmp26.200404.2.aa
=LAS  \\$aW2001-2376$b00$c20200619$lBLL01$h1925

