=LDR  01432cam a22004213  4500
=001  005367207
=003  Uk
=005  20201124181225.0
=008  960806|1966\\\\be\\\\\||\\\\||||\||mul\|
=FMT  \\$a  BK
=019  0\$as124227007
=040  \\$aUk$cUk
=041  0\$afre$aeng
=084  \\$aRC 44(A)$2blsrissc
=110  2\$aAteliers de constructions électriques de Charleroi.
=245  10$aACEC :$b[description of activities and products].
=250  \\$a[Rev. ed]
=264  \1$aCharleroi :$bACEC,$c1966.
=300  \\$a145 pages ;$c(8º)
=336  \\$atext$2rdacontent
=337  \\$aunmediated$2rdamedia
=338  \\$avolume$2rdacarrier
=546  \\$aParallel text in French and English.
=852  71$aBritish Library$bSTI$kTrade Literature Collection$2blsrissc
=985  \\$aCorrected by MS generated file for WR# 1805-0738
=985  \\$aUpgraded by BSS-generated file for WR2011-1473
=CAT  \\$aCONV$b00$c20040502$lBLL01$h1057
=CAT  \\$aBATCH$b00$c20091205$lBLL01$h2316
=CAT  \\$a1805-0738$c20181214$lBLL01$h1829
=CAT  \\$a1805-0738$b00$c20181214$lBLL01$h1904
=CAT  \\$aW2001-2376$c20200619$lBLL01$h1926
=CAT  \\$aW2011-1473$b00$c20201124$lBLL01$h1812
=CAT  \\$aBATCH-UPD$b00$c20230122$lBLL01$h2033
=CAT  \\$aBATCH-UPD$b00$c20230127$lBLL01$h2059
=FIN  \\$aY
=LEO  \\$aMP26.0000021656
=SRC  \\$aSRI02$bbibmp26.200404.2.aa
=LAS  \\$aBATCH-UPD$b00$c20230127$lBLL01$h2059

