=LDR  01387 am a22003853  4500
=001  005367958
=003  Uk
=005  20201124181225.0
=008  960806|||||||||ne\\\\\||\\\\||||\||dut\|
=FMT  \\$a  BK
=019  0\$as125521006
=040  \\$aUk$cUk
=041  0\$adut$bfre$bger$bspa
=084  \\$aRC 44(N)$2blsrissc
=110  2\$aNaamlooze Vennootschap Philips' Gloeilampenfabrieken.$bCentral Exhibition Service.
=245  10$a[Catalogue and instruction pamphlet].
=264  \1$a[Eindhoven] :$b[Philips],$c[1968]
=300  \\$aUnpaged ;$c4º
=336  \\$atext$2rdacontent
=337  \\$aunmediated$2rdamedia
=338  \\$avolume$2rdacarrier
=340  \\$m4to$2rdabf
=546  \\$aSome catalogue sheets also in Fench, German and Spanish. Instructions on stereo-television demonstration in Dutch.
=852  71$aBritish Library$bSTI$kTrade Literature Collection$2blsrissc
=985  \\$aCorrected by MS generated file for WR# 1805-0738
=985  \\$aUpgraded by BSS-generated file for WR2011-1473
=CAT  \\$aCONV$b00$c20040502$lBLL01$h1057
=CAT  \\$aBATCH$b00$c20091205$lBLL01$h2316
=CAT  \\$a1805-0738$c20181214$lBLL01$h1829
=CAT  \\$a1805-0738$b00$c20181214$lBLL01$h1904
=CAT  \\$aW2011-1473$b00$c20201124$lBLL01$h1812
=FIN  \\$aY
=LEO  \\$aMP26.0000022407
=SRC  \\$aSRI02$bbibmp26.200404.2.aa
=LAS  \\$aW2011-1473$b00$c20201124$lBLL01$h1812

