=LDR  01230 am a22003733  4500
=001  005381039
=003  Uk
=005  20200619192953.0
=008  960611|1870\\\\enk\\\\||\\\\||||\||eng\|
=FMT  \\$a  BK
=019  0\$as223947008
=040  \\$aUk$cUk
=084  \\$aGF 69$2blsrissc
=084  \\$aGF 41$2blsrissc
=110  2\$aBritish Museum (Natural History)
=245  10$aCatalogue of monkeys, lemurs, and fruit-eating bats in the collection of the British Museum /$cby J. E. Gray.
=264  \1$aLondon,$c1870.
=300  \\$a144 pages ;$c(8º)
=336  \\$atext$2rdacontent
=337  \\$aunmediated$2rdamedia
=338  \\$avolume$2rdacarrier
=700  1\$aGray, John Edward,$d1800-1875.
=852  71$aBritish Library$bSTI$k(B) GF 69
=985  \\$aCorrected by MS generated file for WR# 1805-0738
=CAT  \\$aCONV$b00$c20040502$lBLL01$h1057
=CAT  \\$a5100$b40$c20071116$lBLL01$h0705
=CAT  \\$aBATCH$b00$c20091205$lBLL01$h2323
=CAT  \\$a1805-0738$c20181214$lBLL01$h1831
=CAT  \\$a1805-0738$b00$c20181214$lBLL01$h1906
=CAT  \\$aW2001-2376$c20200619$lBLL01$h1929
=FIN  \\$aY
=LEO  \\$aMP26.0000035488
=SRC  \\$aSRI02$bbibmp26.200404.2.aa
=LAS  \\$aW2001-2376$b00$c20200619$lBLL01$h1929

