=LDR  01321 am a22003733  4500
=001  005393989
=003  Uk
=005  20091205232900.0
=008  960116|||||||||xxc\\\\||\\\\||||\||eng\|
=FMT  \\$a  BK
=019  0\$as256391009
=040  \\$aUk$cUk
=084  \\$aGC 79$2blsrissc
=084  \\$aGC 27$2blsrissc
=110  2\$aFederation of Ontario Naturalists.
=245  10$aSongs of warblers of eastern North America /$crecorded by Donald J. Borror and William W. H. Gunn.
=260  \\$aDon Mills [Ontario] :$bThe Federation,$c[n.d.]
=300  \\$a1 sound disc ;$cmicrogroove, 33¹/₃rpm, mono(?), 12in, 2s.
=336  \\$atext$2rdacontent
=337  \\$aunmediated$2rdamedia
=338  \\$avolume$2rdacarrier
=490  0\$aSounds of nature series ;$vvol. 4
=500  \\$aProduced in association with Cornell Laboratory of Ornithology.
=700  1\$aBorror, Donald Joyce,$d1907-1988.
=700  1\$aGunn, William W. H.
=710  2\$aCornell University.$bLaboratory of Ornithology.
=852  71$aBritish Library$bSTI$kSound Archive$2blsrissc
=CAT  \\$aCONV$b00$c20040502$lBLL01$h1058
=CAT  \\$a11306$b40$c20090205$lBLL01$h1547
=CAT  \\$aBATCH$b00$c20091205$lBLL01$h2329
=FIN  \\$aY
=LEO  \\$aMP26.0000048438
=SRC  \\$aSRI02$bbibmp26.200404.2.aa
=LAS  \\$aBATCH$b00$c20091205$lBLL01$h2329

