=LDR  01196 am a22003493  4500
=001  005393991
=003  Uk
=005  20091205232900.0
=008  960116|||||||||xxc\\\\||\\\\||||\||eng\|
=FMT  \\$a  BK
=019  0\$as256393001
=040  \\$aUk$cUk
=084  \\$aGC 79$2blsrissc
=084  \\$aGC 27$2blsrissc
=110  2\$aCornell University.$bLaboratory of Ornithology.
=245  10$aAmerican bird songs /$cprepared by Peter Paul Kellogg and Arthur A. Allen.
=260  \\$aDon Mill [Ontario] :$bFederation of Ontario Naturalists,$c[n.d.]
=300  \\$a2 sound discs ;$cmicrogroove, mono(?), 33¹/₃rpm, 12in, 4s.
=336  \\$atext$2rdacontent
=337  \\$aunmediated$2rdamedia
=338  \\$avolume$2rdacarrier
=490  0\$aSounds of nature series : American bird songs ;$vvol. 1, 2
=700  1\$aKellogg, Peter Paul.
=700  1\$aAllen, Arthur A.
=710  2\$aFederation of Ontario Naturalists.
=852  71$aBritish Library$bSTI$kSound Archive$2blsrissc
=CAT  \\$aCONV$b00$c20040502$lBLL01$h1058
=CAT  \\$aBATCH$b00$c20091205$lBLL01$h2329
=FIN  \\$aY
=LEO  \\$aMP26.0000048440
=SRC  \\$aSRI02$bbibmp26.200404.2.aa
=LAS  \\$aBATCH$b00$c20091205$lBLL01$h2329

