=LDR  01429 am a22004333u 4500
=001  005593091
=003  Uk
=005  20100212171200.0
=008  730801s1972\\\\enk\\\\||\\\\\000\||eng\\
=FMT  \\$a  BK
=015  \\$aGB7318347$2bnb
=019  y\$aB7318347
=019  9\$a0850121094
=020  \\$a0850121094 (ls) :$c£9.00
=040  \\$aUk$cUk
=082  04$a025.3/3001/64$218
=110  2\$aNational Computing Centre Limited.
=245  10$aThesaurus of computing terms /$cNational Computing Centre. Vol.1, Alphabetic listing.
=250  \\$a5th ed.
=260  \\$aManchester :$bN.C.C.,$c1972.
=300  \\$a[2],335p. ;$c30cm.
=336  \\$atext$2rdacontent
=337  \\$aunmediated$2rdamedia
=338  \\$avolume$2rdacarrier
=490  1\$a[Computers and the professional]
=500  \\$aPierced for binder. - In polythene bag.
=650  \0$aElectronic data processing$xTerminology.
=653  \\$aComputer systems$aThesauri
=830  \0$aComputers and the professional.
=886  2\$2ukmarc$a518$b00$aPrevious control number B7318347
=852  11$aBritish Library$bDSC$cQ$h001.64 *1*
=CAT  \\$aCONV$b00$c20040502$lBLL01$h1110
=CAT  \\$aglobal_upd$b40$c20060416$lBLL01$h2045
=CAT  \\$aUE-01$b00$c20060608$lBLL01$h1042
=CAT  \\$aBATCH-UPD$b00$c20100212$lBLL01$h1712
=FIN  \\$aY
=LEO  \\$aMP3.0000138208
=SRC  \\$aBNB02$bbibmp3.200404.2.aa
=LAS  \\$aBATCH-UPD$b00$c20100212$lBLL01$h1712

