=LDR  01343 am a22003733u 4500
=001  005770434
=003  Uk
=005  20091206020000.0
=008  800610||||||||||||\\\\||\\\\|1||\||eng\\
=FMT  \\$a  BK
=019  a\$aG00674001
=040  \\$aUk$cUk
=091  \\$ac7301277b
=CNF  \\$aNATURAL GAS AS A RAW MATERIAL FOR THE CHEMICAL INDUSTRY AND FOR THE MANUFACTURE OF REDUCTION GASES IN ORE TREATMENT- PROCEEDINGS OF THE SYMPOSIUM OF THE INTERNATIONAL GAS UNION$d(1972 SEP :$cKARLSRUHE)
=245  00$aNATURAL GAS AS A RAW MATERIAL FOR THE CHEMICAL INDUSTRY AND FOR THE MANUFACTURE OF REDUCTION GASES IN ORE TREATMENT- PROCEEDINGS OF THE SYMPOSIUM OF THE INTERNATIONAL GAS UNION.
=336  \\$atext$2rdacontent
=337  \\$aunmediated$2rdamedia
=338  \\$avolume$2rdacarrier
=653  \\$aNATURAL GAS
=653  \\$aCHEMICAL INDUSTRY
=653  \\$aREDUCTION GASES
=653  \\$aORE TREATMENT
=653  \\$aERDGAS
=653  \\$aGAZ NATUREL
=852  41$aBritish Library$bDSC$mF75/33600
=976  \\$ap
=CAT  \\$aCONV$b00$c20040502$lBLL01$h1119
=CAT  \\$aglobal_upd$b40$c20060416$lBLL01$h2122
=CAT  \\$aBATCH-UPD$b40$c20070303$lBLL01$h1110
=CAT  \\$aBATCH$b00$c20091206$lBLL01$h0200
=FIN  \\$aY
=LEO  \\$aMP8.0000293091
=SRC  \\$aDSC01$bbibmp8.200404.2.aa
=LAS  \\$aBATCH$b00$c20091206$lBLL01$h0200

