=LDR  01216 am a22003613u 4500
=001  005807185
=003  Uk
=005  20091206021400.0
=008  800611||||||||||||\\\\||\\\\|1||\||eng\\
=FMT  \\$a  BK
=019  a\$aG00714533
=040  \\$aUk$cUk
=091  \\$ac7704650k
=CNF  \\$aREINFORCED PLASTICS IN BUILDING AND CONSTRUCTION- PAPERS PRESENTED AT A CONFERENCE- PLASTICS AND RUBBER INSTITUTE$d(1976 APR :$cLONDON)
=245  00$aREINFORCED PLASTICS IN BUILDING AND CONSTRUCTION- PAPERS PRESENTED AT A CONFERENCE- PLASTICS AND RUBBER INSTITUTE.
=336  \\$atext$2rdacontent
=337  \\$aunmediated$2rdamedia
=338  \\$avolume$2rdacarrier
=591  \\$aSee also 3365.5 Vol 7 pt 3 July 1976 for Report.
=653  \\$aREINFORCED PLASTICS
=653  \\$aBUILDING
=653  \\$aCONSTRUCTION
=653  \\$aRUBBER
=852  41$aBritish Library$bDSC$mF77/5555
=976  \\$ap
=CAT  \\$aCONV$b00$c20040502$lBLL01$h1120
=CAT  \\$aglobal_upd$b40$c20060416$lBLL01$h2133
=CAT  \\$aBATCH-UPD$b40$c20070303$lBLL01$h1907
=CAT  \\$aBATCH$b00$c20091206$lBLL01$h0214
=FIN  \\$aY
=LEO  \\$aMP8.0000330590
=SRC  \\$aDSC01$bbibmp8.200404.2.aa
=LAS  \\$aBATCH$b00$c20091206$lBLL01$h0214

