=LDR  01109 am a22003373u 4500
=001  005897650
=003  Uk
=005  20091206025200.0
=008  870304||||||||||||\\\\||\\\\|1||\||eng\\
=FMT  \\$a  BK
=019  a\$aG00833569
=040  \\$aUk$cUk
=091  \\$ac8329221i
=CNF  \\$aPromyshlena Mikrobiologiia$d(1981 OCT :$cVarna-Druzhba, Bulgaria)
=245  00$aPromyshlena Mikrobiologiia :$bSimpozium po Mikrobialen Sintez na Beltuk i Aminokiselenin : 5 Kongres po Mikrobiologiia : Papers and summaries.
=336  \\$atext$2rdacontent
=337  \\$aunmediated$2rdamedia
=338  \\$avolume$2rdacarrier
=590  \\$aVolume 3 onlySummaries in English.
=653  \\$aMIKROBIOLOGIIA
=653  \\$aAMINOKISELENIN
=852  41$aBritish Library$bDSC$mR170833R
=976  \\$ap
=CAT  \\$aCONV$b00$c20040502$lBLL01$h1122
=CAT  \\$aglobal_upd$b40$c20060416$lBLL01$h2201
=CAT  \\$aBATCH-UPD$b40$c20070304$lBLL01$h1900
=CAT  \\$aBATCH$b00$c20091206$lBLL01$h0252
=FIN  \\$aY
=LEO  \\$aMP8.0000427745
=SRC  \\$aDSC01$bbibmp8.200404.2.aa
=LAS  \\$aBATCH$b00$c20091206$lBLL01$h0252

