=LDR  01036 am a22003373u 4500
=001  005897766
=003  Uk
=005  20091206025200.0
=008  870304||||||||||||\\\\||\\\\|1||\||eng\\
=FMT  \\$a  BK
=019  a\$aG00833691
=040  \\$aUk$cUk
=091  \\$ac8329358d
=CNF  \\$aTheory and Research in Teaching$d(1962 NOV)
=245  00$aTheory and Research in Teaching :$bConference : Papers.
=336  \\$atext$2rdacontent
=337  \\$aunmediated$2rdamedia
=338  \\$avolume$2rdacarrier
=653  \\$aTEACHING
=653  \\$aCURRICULUM
=710  2\$aColumbia University.$bTeachers College.$bDepartment of Curriculum and Teaching.
=852  41$aBritish Library$bDSC$mTheory"4T
=976  \\$ap
=CAT  \\$aCONV$b00$c20040502$lBLL01$h1122
=CAT  \\$aglobal_upd$b40$c20060416$lBLL01$h2201
=CAT  \\$aBATCH-UPD$b40$c20070304$lBLL01$h1900
=CAT  \\$aBATCH$b00$c20091206$lBLL01$h0252
=FIN  \\$aY
=LEO  \\$aMP8.0000427861
=SRC  \\$aDSC01$bbibmp8.200404.2.aa
=LAS  \\$aBATCH$b00$c20091206$lBLL01$h0252

