=LDR  01409 am a22004333u 4500
=001  005898086
=003  Uk
=005  20171201205000.0
=008  870304||||||||||||\\\\||\\\\|1||\||eng\\
=FMT  \\$a  BK
=019  a\$aG00834030
=040  \\$aUk$cUk
=091  \\$ac8330355e
=CNF  \\$aSpace Biology$d(1983 MAR :$cCologne, Germany)
=245  00$aSpace Biology :$bWith Emphasis on Cell and Developmental Biology : Workshop : Papers.
=336  \\$atext$2rdacontent
=337  \\$aunmediated$2rdamedia
=338  \\$avolume$2rdacarrier
=591  \\$aDescribed as Proceedings.
=653  \\$aELGRA
=653  \\$aCELL BIOLOGY
=653  \\$aSPACE BIOLOGY
=653  \\$aDEVELOPMENTAL BIOLOGY
=653  \\$aSPACE
=710  2\$aEuropean Low Gravity Research Association.
=710  2\$aEuropean Space Agency.
=710  2\$aDeutsche Forschungsanstalt für Luft- und Raumfahrt (1961-1969)
=852  41$aBritish Library$bDSC$i3830.150$mESA SP-206 1983E
=976  \\$ap
=CAT  \\$aCONV$b00$c20040502$lBLL01$h1122
=CAT  \\$aglobal_upd$b40$c20060416$lBLL01$h2201
=CAT  \\$aBATCH-UPD$b40$c20070304$lBLL01$h1900
=CAT  \\$aBATCH-UPD$b40$c20071106$lBLL01$h2336
=CAT  \\$aBATCH$b00$c20091206$lBLL01$h0252
=CAT  \\$aBATCH-UPD$b00$c20171201$lBLL01$h2050
=FIN  \\$aY
=LEO  \\$aMP8.0000428181
=SRC  \\$aDSC01$bbibmp8.200404.2.aa
=LAS  \\$aBATCH-UPD$b00$c20171201$lBLL01$h2050

