=LDR  01141 am a22003733u 4500
=001  005899389
=003  Uk
=005  20091206025200.0
=008  870304||||||||||||\\\\||\\\\|1||\||eng\\
=FMT  \\$a  BK
=019  a\$aG00835401
=020  \\$a0894101226
=040  \\$aUk$cUk
=091  \\$ac8336032h
=CNF  \\$aArtist and Audience$d(1977 MAR :$cMadison, WI)
=245  00$aArtist and Audience :$bAfrican Literature as a Shared Experience : 3rd Meeting : Selected Papers.
=336  \\$atext$2rdacontent
=337  \\$aunmediated$2rdamedia
=338  \\$avolume$2rdacarrier
=591  \\$aDescribed as Selective Proceedings.
=653  \\$aARTIST
=653  \\$aAUDIENCE
=653  \\$aAFRICAN LITERATURE
=710  2\$aAfrican Literature Association.
=852  41$aBritish Library$bDSC$mArtistA
=976  \\$ap
=CAT  \\$aCONV$b00$c20040502$lBLL01$h1122
=CAT  \\$aglobal_upd$b40$c20060416$lBLL01$h2201
=CAT  \\$aBATCH-UPD$b40$c20070304$lBLL01$h1901
=CAT  \\$aBATCH$b00$c20091206$lBLL01$h0252
=FIN  \\$aY
=LEO  \\$aMP8.0000429484
=SRC  \\$aDSC01$bbibmp8.200404.2.aa
=LAS  \\$aBATCH$b00$c20091206$lBLL01$h0252

