=LDR  01187 am a22003613u 4500
=001  005915377
=003  Uk
=005  20091206025900.0
=008  870305||||||||||||\\\\||\\\\|1||\||eng\\
=FMT  \\$a  BK
=019  a\$aG00857807
=040  \\$aUk$cUk
=091  \\$ac8433126d
=CNF  \\$aEmission Testing and Ambient Air Monitoring$d(1981 MAY :$cChristchurch, New Zealand)
=245  00$aEmission Testing and Ambient Air Monitoring :$bBranch Workshop : Papers and Discussions.
=336  \\$atext$2rdacontent
=337  \\$aunmediated$2rdamedia
=338  \\$avolume$2rdacarrier
=591  \\$aDescribed as Proceedings.
=653  \\$aEMISSION TESTING
=653  \\$aAMBIENT AIR MONITORING
=653  \\$aCLEAN AIR
=710  2\$aClean Air Society of Australia and New Zealand.$bNew Zealand Branch.
=852  41$aBritish Library$bDSC$mEmissionE
=976  \\$ap
=CAT  \\$aCONV$b00$c20040502$lBLL01$h1123
=CAT  \\$aglobal_upd$b40$c20060416$lBLL01$h2206
=CAT  \\$aBATCH-UPD$b40$c20070304$lBLL01$h1911
=CAT  \\$aBATCH$b00$c20091206$lBLL01$h0259
=FIN  \\$aY
=LEO  \\$aMP8.0000446751
=SRC  \\$aDSC01$bbibmp8.200404.2.aa
=LAS  \\$aBATCH$b00$c20091206$lBLL01$h0259

