=LDR  01107 am a22003253u 4500
=001  005916789
=003  Uk
=005  20091206030000.0
=008  870305||||||||||||\\\\||\\\\|1||\||eng\\
=FMT  \\$a  BK
=019  a\$aG00859292
=040  \\$aUk$cUk
=091  \\$ac8437346k
=CNF  \\$aCoordination des Initiatives Destinees a la Mise en Valeur Touristique des Pays D Afrique Occidentale$d(1974 DEC :$cLome, Togo)
=245  00$aCoordination des Initiatives Destinees a la Mise en Valeur Touristique des Pays D Afrique Occidentale :$bSeminaire : Papers.
=336  \\$atext$2rdacontent
=337  \\$aunmediated$2rdamedia
=338  \\$avolume$2rdacarrier
=653  \\$aVALEUR TOURISTIQUE
=653  \\$aAFRIQUE OCCIDENTALE
=852  41$aBritish Library$bDSC$i1977
=976  \\$ap
=CAT  \\$aCONV$b00$c20040502$lBLL01$h1123
=CAT  \\$aglobal_upd$b40$c20060416$lBLL01$h2206
=CAT  \\$aBATCH-UPD$b40$c20070304$lBLL01$h1911
=CAT  \\$aBATCH$b00$c20091206$lBLL01$h0300
=FIN  \\$aY
=LEO  \\$aMP8.0000448163
=SRC  \\$aDSC01$bbibmp8.200404.2.aa
=LAS  \\$aBATCH$b00$c20091206$lBLL01$h0300

