=LDR  01108 am a22003733u 4500
=001  005941402
=003  Uk
=005  20091206030900.0
=008  870310||||||||||||\\\\||\\\\|1||\||eng\\
=FMT  \\$a  BK
=019  a\$aG00889973
=040  \\$aUk$cUk
=091  \\$ac8514277g
=CNF  \\$aMeeting$d(1984 NOV)$cNovi Sad, Yugoslavia
=245  00$aMeeting :$bReport.
=336  \\$atext$2rdacontent
=337  \\$aunmediated$2rdamedia
=338  \\$avolume$2rdacarrier
=653  \\$aWHO
=653  \\$aHEALTH ASPECTS
=653  \\$aCATERING
=710  2\$aWHO.$bWorking Group on Health Aspects of Catering.
=886  2\$2blmarc$a119$b00$jNovi Sad, Yugoslavia
=852  41$aBritish Library$bDSC$iICP/FOS 002/m01(S) 1985
=976  \\$ap
=CAT  \\$aCONV$b00$c20040502$lBLL01$h1123
=CAT  \\$aglobal_upd$b40$c20060416$lBLL01$h2215
=CAT  \\$aBATCH-UPD$b40$c20070305$lBLL01$h0206
=CAT  \\$aUPD-CNFc$c20071112$lBLL01$h1619
=CAT  \\$aBATCH$b00$c20091206$lBLL01$h0309
=FIN  \\$aY
=LEO  \\$aMP8.0000473759
=SRC  \\$aDSC01$bbibmp8.200404.2.aa
=LAS  \\$aBATCH$b00$c20091206$lBLL01$h0309

