=LDR  03516 am a22006613u 4500
=001  005952384
=003  Uk
=005  20091206031300.0
=008  \\\\\\||||||||||||\\\\||\\\\o1||\||eng\\
=FMT  \\$a  BK
=019  a\$aG00901936
=020  \\$a0444869697
=040  \\$aUk$cUk
=CNF  \\$aStructural mechanics in reactor technology$d(1985 Aug)$cBrussels
=245  00$aStructural mechanics in reactor technology :$b8th International conference : Papers and programme.
=336  \\$atext$2rdacontent
=337  \\$aunmediated$2rdamedia
=338  \\$avolume$2rdacarrier
=505  0\$aContents: Vol B: Computer methods for structural analysis - Vol C: Thermomechanical analysis of fuel elements and assemblies - Vol D: Operating reactor structural experience - Vol E: Structural analysis of fast reactor core and coolant circuit structures - Vol F1: LWR pressure components - core structures, piping and vessels - Vol F2: LWR pressure components - effect of environment on materials and structures - Vol G: Fracture mechanics and DNE - Vol H: Concrete structures - Vol J: Extreme loading and response of reactor containments - Vol K (a) and (b): Seismic response analysis of nuclear power plant systems - Vol L: Inelastic behavior of materials and constitutive equations - Vol M(a) and (b): Structural reliability; Systems reliability of nuclear power plants - Vol N: Mechanical and thermal problems of fusion rectors.
=590  \\$aIn 13 parts
=590  \\$asee also 3828.400F (incomplete)
=591  \\$aDescribed as transactions. See also 6180.713 vol 90 no 3 1985 for selected papers and 3330.88150 RT/VEL/85/9 for selected papers.
=653  \\$aSMIRT
=653  \\$astructural mechanics
=653  \\$areactor technology
=653  \\$acomputer methods
=653  \\$astructural analysis
=653  \\$athermomechanical analysis
=653  \\$afuel elements
=653  \\$afuel assemblies
=653  \\$aoperating reactor structural experience
=653  \\$afast reactor core
=710  2\$aCommission of the European Communities.
=710  2\$aInternational Association for Structural Mechanics in Reactor Technology.
=740  0\$aComputer methods for structural analysis.
=740  0\$aThermomechanical analysis of fuel elements and assemblies.
=740  0\$aOperating reactor structural experience.
=740  0\$aStructural analysis of fast reactor core and coolant circuit structures.
=740  0\$aLWR pressure components - core structures, piping and vessels.
=740  0\$aLWR pressure components - effect of environment on materials and structures.
=740  0\$aFracture mechanics and DNE.
=740  0\$aConcrete structures.
=740  0\$aExtreme loading and response of reactor containments.
=740  0\$aSeismic response analysis of nuclear power plant systems.
=740  0\$aInelastic behavior of materials and constitutive equations.
=740  0\$aStructural reliability; Systems reliability of nuclear power plants.
=740  0\$aMechanical and thermal problems of fusion rectors.
=886  2\$2blmarc$a119$b00$jBrussels
=852  41$aBritish Library$bDSC$iOP-EUR/10001 A-N 1985
=CAT  \\$aCONV$b00$c20040502$lBLL01$h1123
=CAT  \\$aglobal_upd$b40$c20060416$lBLL01$h2219
=CAT  \\$aBATCH-UPD$b40$c20070305$lBLL01$h0212
=CAT  \\$aUPD-CNFc$c20071112$lBLL01$h1624
=CAT  \\$aBATCH$b00$c20091206$lBLL01$h0313
=FIN  \\$aY
=LEO  \\$aMP8.0000484741
=SRC  \\$aDSC01$bbibmp8.200404.2.aa
=LAS  \\$aBATCH$b00$c20091206$lBLL01$h0313

