=LDR  01268 am a22003973u 4500
=001  005953742
=003  Uk
=005  20091206031400.0
=008  \\\\\\||||||||||||\\\\||\\\\o1||\||eng\\
=FMT  \\$a  BK
=019  a\$aG00907354
=040  \\$aUk$cUk
=CNF  \\$a2nd Meeting$d(1986 Jun)$cInterlaken, Switzerland
=245  00$a2nd Meeting :$bPapers.
=336  \\$atext$2rdacontent
=337  \\$aunmediated$2rdamedia
=338  \\$avolume$2rdacarrier
=490  0\$aEuratom -publications- EUR ;$v10671
=490  0\$aNuclear science and technology
=591  \\$aDescribed as report.
=653  \\$anatural analogue
=653  \\$aCEC
=710  2\$aCommission of the European Communities.$bNatural Analogue Working Group
=886  2\$2blmarc$a119$b00$jInterlaken, Switzerland
=852  41$aBritish Library$bDSC$mGP-EUR 10671
=976  \\$ap
=CAT  \\$aCONV$b00$c20040502$lBLL01$h1124
=CAT  \\$aUE-01$b00$c20060320$lBLL01$h1526
=CAT  \\$aglobal_upd$b40$c20060416$lBLL01$h2219
=CAT  \\$aBATCH-UPD$b40$c20070305$lBLL01$h0213
=CAT  \\$aUPD-CNFc$c20071112$lBLL01$h1624
=CAT  \\$aBATCH$b00$c20091206$lBLL01$h0314
=FIN  \\$aY
=LEO  \\$aMP8.0000487214
=SRC  \\$aDSC01$bbibmp8.200404.2.aa
=LAS  \\$aBATCH$b00$c20091206$lBLL01$h0314

