=LDR  01398cam a22004333u 4500
=001  005971400
=003  Uk
=005  20220225182533.0
=008  040420|1987\\\\|||\\\\||\\\\\100\||eng\\
=FMT  \\$a  BK
=019  a\$aG01011012
=020  \\$a9264029672
=040  \\$aUk$cUk
=CNF  \\$aNuclear power plant life extension$d(1987 Feb)
=245  00$aNuclear power plant life extension :$bSymposium : Papers.
=260  \\$bOECD,$c1987.
=336  \\$atext$2rdacontent
=337  \\$aunmediated$2rdamedia
=338  \\$avolume$2rdacarrier
=591  \\$aDescribed as proceedings.
=653  \\$anuclear power plant life extension
=653  \\$aOECD
=653  \\$aIAEA
=710  2\$aOECD Nuclear Energy Agency.
=710  2\$aInternational Atomic Energy Agency.
=883  0\$aLanguage codes assigned by Bayesian analysis of words present in record$d20201028$qUk$c0.9010
=852  41$aBritish Library$bDSC$mGP-OE/2540
=966  \\$lACQUIS
=980  \\$aCard
=CAT  \\$aCONV$b00$c20040502$lBLL01$h1124
=CAT  \\$a5194$b40$c20050921$lBLL01$h1639
=CAT  \\$aglobal_upd$b40$c20060416$lBLL01$h2225
=CAT  \\$aBATCH-UPD$b40$c20070305$lBLL01$h1800
=CAT  \\$aBATCH$b00$c20091206$lBLL01$h0322
=CAT  \\$aW2201-1476$b00$c20220225$lBLL01$h1825
=FIN  \\$aY
=LEO  \\$aMP8.0000522542
=SRC  \\$aDSC01$bbibmp8.200404.2.aa
=LAS  \\$aW2201-1476$b00$c20220225$lBLL01$h1825

