=LDR  01153 am a22003613u 4500
=001  005974697
=003  Uk
=005  20091206032400.0
=008  \\\\\\||||||||||||\\\\||\\\\o1||\||eng\\
=FMT  \\$a  BK
=019  a\$aG01030813
=040  \\$aUk$cUk
=CNF  \\$aBiological control of bark beetles (dendroctonus micans)$d(1984 Oct :$cBrussels)
=245  00$aBiological control of bark beetles (dendroctonus micans) :$bSeminar : Papers.
=260  \\$b[n.p],$c[1984]
=336  \\$atext$2rdacontent
=337  \\$aunmediated$2rdamedia
=338  \\$avolume$2rdacarrier
=591  \\$aDescribed as proceedings.
=653  \\$abark beetles
=653  \\$adendroctonus micans
=653  \\$aEuropean communities
=710  2\$aCommission of the European Communities.
=852  41$aBritish Library$bDSC$mGP-EC/2070
=976  \\$ap
=CAT  \\$aCONV$b00$c20040502$lBLL01$h1124
=CAT  \\$aglobal_upd$b40$c20060416$lBLL01$h2226
=CAT  \\$aBATCH-UPD$b40$c20070305$lBLL01$h1802
=CAT  \\$aBATCH$b00$c20091206$lBLL01$h0324
=FIN  \\$aY
=LEO  \\$aMP8.0000529694
=SRC  \\$aDSC01$bbibmp8.200404.2.aa
=LAS  \\$aBATCH$b00$c20091206$lBLL01$h0324

