=LDR  01075 am a22003373u 4500
=001  005974746
=003  Uk
=005  20091206032400.0
=008  \\\\\\|1987\\\\|||\\\\||\\\\\1||\||eng\\
=FMT  \\$a  BK
=019  a\$aG01030926
=040  \\$aUk$cUk
=CNF  \\$aElectronic product design$d(1987 Sep :$cGuildford)
=245  00$aElectronic product design :$bVacation school : Papers.
=260  \\$bInstitution of Electrical Engineers,$c1987.
=336  \\$atext$2rdacontent
=337  \\$aunmediated$2rdamedia
=338  \\$avolume$2rdacarrier
=653  \\$aelectronic product design
=653  \\$aIEE
=710  2\$aInstitution of Electrical Engineers.$bManagement and Design Division.
=852  41$aBritish Library$bDSC$mf88/0020
=976  \\$ap
=CAT  \\$aCONV$b00$c20040502$lBLL01$h1124
=CAT  \\$aglobal_upd$b40$c20060416$lBLL01$h2226
=CAT  \\$aBATCH-UPD$b40$c20070305$lBLL01$h1802
=CAT  \\$aBATCH$b00$c20091206$lBLL01$h0324
=FIN  \\$aY
=LEO  \\$aMP8.0000529761
=SRC  \\$aDSC01$bbibmp8.200404.2.aa
=LAS  \\$aBATCH$b00$c20091206$lBLL01$h0324

