=LDR  00971 as a22002773  4500
=001  007194382
=003  Uk
=005  20210423181709.0
=008  040416d\\\\\\\\|||a|||||||||||||||0eng\\
=FMT  \\$a  SE
=245  00$aFINANCIAL TIMES BUSINESS YEARBOOK - WHOS WHO IN WORLD MINING
=336  \\$atext$2rdacontent
=337  \\$aunmediated$2rdamedia
=338  \\$avolume$2rdacarrier
=883  0\$aLanguage codes assigned by Bayesian analysis of words present in record$d20210115$qUk$c0.9450
=852  41$aBritish Library$bSTI$cRES$kAA 716$m-E(15)$32000.
=A02  \\$a1443981$z43981
=CAT  \\$aCONV$b00$c20040425$lBLL90$h0713
=CAT  \\$aCONV$b00$c20040502$lBLL01$h1212
=CAT  \\$aBATCH$b00$c20091207$lBLL01$h0416
=CAT  \\$aBATCH$b00$c20091214$lBLL01$h0222
=CAT  \\$aBATCH$b00$c20091216$lBLL01$h0041
=CAT  \\$aW2102-0046$b00$c20210423$lBLL01$h1817
=SRC  \\$aDSS03$bbibsr.200404.2.aa
=TCO  \\$aZZZ$c008
=LAS  \\$aW2102-0046$b00$c20210423$lBLL01$h1817

