=LDR  06160 am a22010333  4500
=001  004075924
=003  Uk
=005  20191108184011.0
=008  990504|1970||||fr\\\\\||\\\\\|||\||fre\\
=FMT  \\$a  BK
=019  x\$a3661350080
=040  \\$aUk$cUk
=100  1\$aPichois, Claude.
=245  10$aLittérature française. Collection dirigée par Claude Pichois.
=260  \\$aParis :$bArthaud,$c1970, 68-79.
=300  \\$a16 pt. :$bplates ;$c22 cm.
=336  \\$atext$2rdacontent
=337  \\$aunmediated$2rdamedia
=338  \\$avolume$2rdacarrier
=580  \\$aPart title: Littérature française. Collection dirigée par Claude Pichois. 1. Le Moyen Âge. I. Des origines à 1300. ([By] Jean Charles Payen.) 65 héliogravures. 1970. pp. 356: plates; illus., facsims.
=580  \\$aPart title: Littérature française. Collection dirigée par Claude Pichois. 2. Le Moyen Âge. II. 1300-1480. ([By] Daniel Poirion.) 55 héliogravures. 1971. pp. 342: plates; illus., facsims.
=580  \\$aPart title: Littérature française. Collection dirigée par Claude Pichois. 3. La Renaissance. I. 1480-1548. ([By] Yves Giraud, Marc-René Jung.) 1972. pp. 365: plates; illus.
=580  \\$aPart title: Littérature française. Collection dirigée par Claude Pichois. 4. La Renaissance. II, 1548-1570. ([By] Enea Balmas.) 1974. pp. 296: plates.
=580  \\$aPart title: Littérature française. Collection dirigée par Claude Pichois. 5. La Renaissance. III, 1570-1624 ... ([By] Jacques Morel.) 1973. pp. 307: plates; illus.
=580  \\$aPart title: Littérature française. Collection dirigée par Claude Pichois. 6. L'Âge classique. I. 1624-1660, etc. ([By] Antoine Adam. Iconographie de Claude Deron.) 1968. pp. 367: plates.
=580  \\$aPart title: Littérature française. Collection dirigée par Claude Pichois. 7. L'Âge classique. II. 1660-1680. ([By] Pierre Clarac.) 78 héliogravures. 1969. pp. 324: plates; facsims.
=580  \\$aPart title: Littérature française. Collection dirigée par Claude Pichois. 8. L'Âge classique. III, 1680-1720. ([By] René Pomeau.) 87 héliogravures. 1971. pp. 288: plates; facsims.
=580  \\$aPart title: Littérature française. Collection dirigée par Claude Pichois. 9. Le XVIIIe siècle. I, 1720-1750 ... ([By] Jean Ehrard.) 1974. pp. 337: plates.
=580  \\$aPart title: Littérature française. Collection dirigée par Claude Pichois. 10. Le XVIIIe siècle. II, 1750-1778 ... ([By] Robert Mauzi, Sylvain Menant.) 1977. pp. 289: plates; illus.
=580  \\$aPart title: Littérature française. Collection dirigée par Claude Pichois. 11. Le XVIIIe siècle. III, 1778-1820 ... ([By] Béatrice Didier.) 1976. pp. 383: plates; illus.
=580  \\$aPart title: Littérature française. Collection dirigée par Claude Pichois. 12. Le Romantisme. I, 1820-1843 ... ([By] Max Milner.) 1973. pp. 405: plates; illus., facsims. 23 cm. bibl. pp. 363-381.
=580  \\$aPart title: Littérature française. Collection dirigée par Claude Pichois. 13. Le Romantisme. II, 1843-1869 ... ([By] Claude Pichois.) 1979. pp. 565: plates.
=580  \\$aPart title: Littérature française. Collection dirigée par Claude Pichois. 14. Le Romantisme. III. 1869-1896. ([By] Raymond Pouillart.) 74 héliogravures. 1968. pp. 336: plates; facsims.
=580  \\$aPart title: Littérature française. Collection dirigée par Claude Pichois. 15. Le XXe siècle. I, 1896-1920 ... ([By] Pierre-Olivier Walzer.) 1975: plates.
=580  \\$aPart title: Littérature française. Collection dirigée par Claude Pichois. 16. Le XXe siècle. II, 1920-1970 ... ([By] Germaine Brée.) 1978: plates.
=700  1\$aAdam, Antoine.
=700  1\$aBrée, Germaine.
=700  1\$aDERON, Claude.
=700  1\$aDidier, Béatrice.
=700  1\$aEhrard, Jean.
=700  1\$aGIRAUD, Yves F. A.
=700  1\$aJung, Marc René.
=700  1\$aMauzi, Robert.
=700  1\$aMenant, Sylvain.
=700  1\$aMorel, Jacques,$d1926-2006.
=700  1\$aWalzer, Pierre Olivier.
=787  0\$w(Uk)MP1.0004365994.0.1
=787  0\$w(Uk)MP1.0004365994.0.2
=787  0\$w(Uk)MP1.0004365994.0.3
=787  0\$w(Uk)MP1.0004365994.0.4
=787  0\$w(Uk)MP1.0004365994.0.5
=787  0\$w(Uk)MP1.0004365994.0.6
=787  0\$w(Uk)MP1.0004365994.0.7
=787  0\$w(Uk)MP1.0004365994.0.8
=787  0\$w(Uk)MP1.0004365994.0.9
=787  0\$w(Uk)MP1.0004365994.0.10
=787  0\$w(Uk)MP1.0004365994.0.11
=787  0\$w(Uk)MP1.0004365994.0.12
=787  0\$w(Uk)MP1.0004365994.0.13
=787  0\$w(Uk)MP1.0004365994.0.14
=787  0\$w(Uk)MP1.0004365994.0.15
=787  0\$w(Uk)MP1.0004365994.0.16
=886  2\$2blmarc$a709$b00$aADAM$hAntoine$pX.0909/315.$x0021100241
=886  2\$2blmarc$a709$b00$aDERON$hClaude$pX.0909/315.$x0811200108
=886  2\$2blmarc$a709$b00$aJUNG$hMarc René$pX.0909/315.(3).$x1692750348
=883  0\$aLanguage codes assigned by Bayesian analysis of words present in record$d20181024$qUk$c0.997
=852  11$aBritish Library$bHMNTS$kHLR$h840.9
=958  \\$aX.0909/315.$cHLR840.9
=985  \\$aUpgraded by BSS-generated file for WR1910-0531
=CAT  \\$aCONV$b00$c20040502$lBLL01$h1020
=CAT  \\$aglobal_upd$b40$c20060416$lBLL01$h1232
=CAT  \\$aBATCH-UPD$b40$c20060729$lBLL01$h2057
=CAT  \\$aBATCH-UPD$b40$c20090209$lBLL01$h1403
=CAT  \\$aBATCH-UPD$b40$c20090214$lBLL01$h0041
=CAT  \\$aBATCH-UPD$b40$c20090221$lBLL01$h1905
=CAT  \\$aBATCH$b00$c20091204$lBLL01$h0004
=CAT  \\$aBATCH-UPD$b00$c20110405$lBLL01$h2122
=CAT  \\$aBATCH-UPD$b00$c20120706$lBLL01$h2057
=CAT  \\$aBATCH-UPD$b00$c20120804$lBLL01$h0739
=CAT  \\$aWR11_211$c20130815$lBLL01$h1856
=CAT  \\$aBLSS-CORR$b00$c20130815$lBLL01$h1909
=CAT  \\$aBATCH-UPD$b00$c20141222$lBLL01$h1910
=CAT  \\$a7416$b40$c20181218$lBLL01$h1644
=CAT  \\$aW1903-1550$b00$c20190614$lBLL01$h1829
=CAT  \\$aW1910-0531$b00$c20191108$lBLL01$h1840
=FIN  \\$aY
=LEO  \\$aMP1.0004365994
=SRC  \\$aBLS01$bbibmp1.200404.2.ae
=LAS  \\$aW1910-0531$b00$c20191108$lBLL01$h1840

