=LDR  01182 cm a22003617  4500
=001  004193665
=003  Uk
=005  20150812215200.0
=008  930308s1926\\\\sp\|||\||||||||||\\\und\|
=FMT  \\$a  MU
=019  d\$aae09120001
=040  \\$aUk$cUk
=082  14$a780$215
=110  2\$aFundació Concepció Rabell i Cibils.$bBarcelona.
=245  10$aObra del Cançoner Popular de Catalunya. Materials. [By Francese Pujol and others.]
=260  \\$aBarcelona,$c1926, etc.
=300  \\$c4.̊
=336  \\$anotated music$2rdacontent
=337  \\$aunmediated$2rdamedia
=338  \\$avolume$2rdacarrier
=490  0\$aPublicacions de la Fundació Concepció Rabell i Cibils, etc
=700  1\$aPujol, Francesc.
=852  41$aBritish Library$bHMNTS$oA
=CAT  \\$aCONV$b00$c20040502$lBLL01$h1025
=CAT  \\$aBATCH-UPD$b00$c20070219$lBLL01$h1712
=CAT  \\$awr283_fix$b40$c20070409$lBLL01$h2245
=CAT  \\$aBATCH$b00$c20091204$lBLL01$h0058
=CAT  \\$aBATCH$b00$c20091224$lBLL01$h0340
=CAT  \\$aWR15_100$c20150812$lBLL01$h2152
=FIN  \\$aY
=LEO  \\$aMP15.0000031451
=SRC  \\$aCPM01$bbibmp15.200404.2.aa
=LAS  \\$aWR15_100$b00$c20150812$lBLL01$h2152

