=LDR  01488 aa a22003853u 4500
=001  006333338
=003  Uk
=005  20070718164059.0
=008  960411s1995\\\\xxc\\\\||\\\\\000\||eng\\
=FMT  \\$a  BK
=019  a\$aG05011904
=020  \\$a0771418256 (pbk.)
=040  \\$aUk$cUk
=100  1\$aBoldrin, Michele.
=245  10$aAsset pricing lessons for modeling business cycles /$cby Michele Boldrin, Lawrence J. Christiano and Jonas D. M. Fisher.
=260  \\$aLondon, Ont. :$bUniversity of Western Ontario, Department of Economics,$c1995.
=300  \\$a45 p. ;$c29 cm.
=336  \\$atext$2rdacontent
=337  \\$aunmediated$2rdamedia
=338  \\$avolume$2rdacarrier
=490  1\$aResearch report ;$v9513
=700  1\$aChristiano, Lawrence J.
=700  1\$aFisher, Jonas D. M.
=710  2\$aUniversity of Western Ontario.$bDepartment of Economics.
=830  \0$aResearch report (University of Western Ontario, Department of Economics) ;$v9513.
=852  41$aBritish Library$bDSC$i9513$3Research report- Department of Economics University of Western Ontario
=945  \\$aResearch report- Department of Economics University of Western Ontario ; 9513
=CAT  \\$aCONV$b00$c20040502$lBLL01$h1135
=CAT  \\$aglobal_upd$b40$c20060416$lBLL01$h0035
=CAT  \\$a11249$b40$c20070718$lBLL01$h1640
=CAT  \\$aBATCH$b00$c20091206$lBLL01$h2356
=FIN  \\$aY
=LEO  \\$aMP8.0001248283
=SRC  \\$aDSC01$bbibmp8.200404.2.ab
=LAS  \\$aBATCH$b00$c20091206$lBLL01$h2356

