=LDR  01497 am a22004213  4500
=001  002271220
=003  Uk
=005  20200529182222.0
=008  890411|1960||||enk\\\\||\\\\\|||\||eng\\
=FMT  \\$a  BK
=019  x\$a2013200366
=040  \\$aUk$cUk
=100  1\$aLOW, J. D.,$cof the Forestry Commission and GLADMAN (R. J.)
=245  10$aFomes annosus in Great Britain. An assessment of the situation in 1959, etc.
=264  \1$a[London],$c[1960]
=300  \\$a22 pages, 21 plates ;$c(8º)
=336  \\$atext$2rdacontent
=337  \\$aunmediated$2rdamedia
=338  \\$avolume$2rdacarrier
=490  0\$a[Forest Record. no. 41.]
=700  1\$aGLADMAN, R. J.
=886  2\$2blmarc$a709$b00$aGLADMAN$hR. J.$pB.S.15/30.$x1260170136
=852  71$aBritish Library$bHMNTS$k(P)$hDG 00$m-E(19)$2blsrissc
=985  \\$aUpgraded by BSS-generated file for WR1910-0531
=CAT  \\$aCONV$b00$c20040502$lBLL01$h0939
=CAT  \\$aBATCH$b00$c20091129$lBLL01$h0323
=CAT  \\$aBATCH$b00$c20091224$lBLL01$h0135
=CAT  \\$aWR11_211$c20120829$lBLL01$h1557
=CAT  \\$aBLSS-CORR$b00$c20120829$lBLL01$h1633
=CAT  \\$a1805-0738$c20181026$lBLL01$h1802
=CAT  \\$a1805-0738$b00$c20181026$lBLL01$h1844
=CAT  \\$aW1910-0531$b00$c20191101$lBLL01$h1807
=CAT  \\$aW1910-0531$b00$c20200327$lBLL01$h1817
=CAT  \\$aW2001-2376$c20200529$lBLL01$h1822
=FIN  \\$aY
=LEO  \\$aMP1.0002407336
=SRC  \\$aBLS01$bbibmp1.200404.2.ac
=LAS  \\$aW2001-2376$b00$c20200529$lBLL01$h1822

