=LDR  01665 am a22004693  4500
=001  002520516
=003  Uk
=005  20200529190629.0
=008  001124|1956|||||||\\\\||\\\\\|||\||fre\\
=FMT  \\$a  BK
=019  x\$a2241470252
=040  \\$aUk$cUk
=100  1\$aMolière,$d1622-1673.
=240  10$aWorks. French
=245  10$aŒuvres complètes. Texte établi et annoté par Maurice Rat.
=264  \1$a[Paris],$c1956.
=300  \\$a2 volumes ;$c(8º)
=336  \\$atext$2rdacontent
=337  \\$aunmediated$2rdamedia
=338  \\$avolume$2rdacarrier
=490  0\$a(Bibliothèque de la Pléiade. no. 8, 9.)
=700  1\$aRat, Maurice.
=886  2\$2blmarc$a709$b00$aRAT$hMaurice$p2042.g.$x2704450234
=852  11$aBritish Library$bHMNTS$kHLR$h842.4$mMOL$qCopy at HLR 842.4 MOL. Missing.
=958  \\$a2042.g.$cHLR842.4 MOL
=985  \\$aCorrected by BSS-generated file for WR# 11/211
=985  \\$aEnhanced by MS generated file for WR# 13/021
=985  \\$aCorrected by MS generated file for WR# 1805-0738
=CAT  \\$aCONV$b00$c20040502$lBLL01$h0944
=CAT  \\$aBATCH-UPD$b00$c20081212$lBLL01$h1212
=CAT  \\$aBATCH$b00$c20091129$lBLL01$h2327
=CAT  \\$aBATCH$b00$c20091224$lBLL01$h0143
=CAT  \\$aBLSS-CORR$b00$c20120224$lBLL01$h1717
=CAT  \\$aWR13.021$b00$c20130427$lBLL01$h1516
=CAT  \\$aBATCH-UPD$b00$c20141212$lBLL01$h0941
=CAT  \\$a1805-0738$c20181102$lBLL01$h1756
=CAT  \\$a1805-0738$b00$c20181102$lBLL01$h1839
=CAT  \\$aW2001-2376$c20200529$lBLL01$h1906
=FIN  \\$aY
=LEO  \\$aMP1.0002674260
=SRC  \\$aBLS01$bbibmp1.200404.2.ac
=LAS  \\$aW2001-2376$b00$c20200529$lBLL01$h1906

