=LDR  03622cas a2200865 a 4500
=001  002840230
=003  Uk
=005  20221231160450.0
=008  891211d17131713enkcr\n\\\\\\\0\\\a0eng\\
=FMT  \\$a  SE
=019  x\$a253005004X
=019  c\$a2248309
=040  \\$aUk$cUk$dUk
=245  04$aThe Britain
=264  \1$aLondon :$bPrinted for J. Pemberton,$c1713.
=300  \\$a1 volume ;$c(folio)
=310  \\$aSemiweekly
=336  \\$atext$2rdacontent
=337  \\$aunmediated$2rdamedia
=338  \\$avolume$2rdacarrier
=340  \\$mfolio$2rdabf
=362  0\$aNo. 1 (Jan. 6, 1713)-no. 37 (May 13, 1713).
=540  \\$aCurrent Copyright Fee: GBP25.00$c0$5Uk
=651  \0$aGreat Britain$xHistory$yAnne, 1702-1714$vNewspapers.
=852  41$aBritish Library$bHMNTS$tN.R.Burney.$3No. 1- 37 (6 January- 13 May 1713)
=945  \\$aBRITAIN -LONDON- J PEMBERTON-.
=963  \\$aNO. 1, 1713- 37, 1713 *A=1$bN$cMICROFILM P247<1151>
=979  \\$aBritish Library$bDSC$j2286.041000N
=985  \\$aCorrected by MS generated file for WR# 1805-0738
=CAT  \\$aCONV$b00$c20040502$lBLL01$h0951
=CAT  \\$c20041023$lBLL01$h1104
=CAT  \\$c20041023$lBLL01$h1149
=CAT  \\$c20041023$lBLL01$h1434
=CAT  \\$aBATCH$b00$c20091130$lBLL01$h0147
=CAT  \\$aBATCH$b00$c20101223$lBLL01$h1831
=CAT  \\$aBLSS-CORR$b00$c20110825$lBLL01$h1532
=CAT  \\$a8456$b40$c20111209$lBLL01$h0912
=CAT  \\$aIPL-CLA$c20111230$lBLL01$h1621
=CAT  \\$aBATCH-CLA$b00$c20121102$lBLL01$h1757
=CAT  \\$aWR13.005$c20130323$lBLL01$h1511
=CAT  \\$aBATCH-CLA$c20131211$lBLL01$h1802
=CAT  \\$aIPL-CLA$c20131231$lBLL01$h1554
=CAT  \\$aBATCH-CLA$b00$c20161222$lBLL01$h1556
=CAT  \\$aIPL-CLA$c20161230$lBLL01$h1502
=CAT  \\$aBATCH-CLA$b00$c20171222$lBLL01$h1842
=CAT  \\$aIPL-CLA$c20171231$lBLL01$h1053
=CAT  \\$a1805-0738$c20181109$lBLL01$h1755
=CAT  \\$a1805-0738$b00$c20181109$lBLL01$h1837
=CAT  \\$aBATCH-CLA$b00$c20191219$lBLL01$h1515
=CAT  \\$aIPL-CLA$c20191231$lBLL01$h1517
=CAT  \\$aR2001-1524$c20200127$lBLL01$h1904
=CAT  \\$aBATCH-CLA$b00$c20201204$lBLL01$h1302
=CAT  \\$aIPL-CLA$c20201231$lBLL01$h1642
=CAT  \\$aBATCH-CLA$b00$c20221221$lBLL01$h1556
=CAT  \\$aIPL-CLA$c20221231$lBLL01$h1604
=CFI  0\$aCurrent Copyright Fee: GBP25.00$c0$e01-jan-2023$fGBP25.00$g0$hA$5Uk
=CFI  2\$aPrevious Copyright Fee: GBP22.50$c0$e01-jan-2021$fGBP22.50$g0$hA$5Uk
=FIN  \\$aY
=LEO  \\$aMP1.0003026136
=LEO  \\$aMP10.0000109408
=SRC  \\$aBLS01$bbibmp1.200404.2.ad
=SRC  \\$aDSS01$bbibmp10.200404.2.aa
=TCO  \\$aZZZ$c008
=ACF  \\$aPrevious copyright fee: GBP9.00$c0$e01-apr-2010$fGBP9.00$g0$hA$5Uk
=ACF  \\$aPrevious copyright fee: GBP6.00$c0$e01-apr-2008$fGBP6.00$g0$hA$5Uk
=ACF  \\$aPrevious copyright fee: GBP5.00$c0$e01-jul-2002$fGBP5.00$g0$hA$5Uk
=ACF  \\$aCurrent copyright fee: GBP4.40$c0$e01-jul-1998$fGBP4.40$g0$hA$5Uk
=ACF  \\$aCurrent copyright fee: GBP4.20$c0$e01-apr-1997$fGBP4.20$g0$hA$5Uk
=ACF  \\$aPrevious copyright fee: GBP10.50$c0$e01-jan-2011$fGBP10.50$g0$hA$5Uk
=ACF  \\$aPrevious copyright fee: GBP12.00$c0$e01-jan-2012$fGBP12.00$g0$hA$5Uk
=ACF  \\$aPrevious Copyright Fee: GBP12.30$c0$e01-jan-2014$fGBP12.30$g0$hA$5Uk
=ACF  \\$aPrevious Copyright Fee: GBP15.00$c0$e01-jan-2017$fGBP15.00$g0$hA$5Uk
=ACF  \\$aPrevious Copyright Fee: GBP17.50$c0$e01-jan-2018$fGBP17.50$g0$hA$5Uk
=ACF  \\$aPrevious Copyright Fee: GBP20.00$c0$e01-jan-2020$fGBP20.00$g0$hA$5Uk
=LAS  \\$aIPL-CLA$b00$c20221231$lBLL01$h1604

