=LDR  01869cas a2200529 i 4500
=001  002859425
=003  Uk
=005  20220509142239.0
=007  ta
=008  900116d19461953gw\mr\p\\\\\\\0\\\c0ukr\\
=FMT  \\$a  SE
=019  x\$a2540600166
=040  \\$aUk$cUk
=130  0\$aMolode z͡hytti͡a (Munich, Germany)
=245  10$aMolode z͡hytti͡a =$bMolode Zyttia.
=246  11$aMolode Zyttia
=260  \\$aMi͡unkhen ;$aDetroit :$bHolovna Plastova starshyna.
=300  \\$avolumes :$billustrations
=310  \\$aMonthly
=336  \\$atext$2rdacontent
=337  \\$aunmediated$2rdamedia
=338  \\$avolume$2rdacarrier
=340  \\$m8vo$2rdabf
=362  1\$aBegan in 1946; ceased in 1953.
=500  \\$a"Chasopys ukraïnsʹkoho Plastu = The Monthly Magazin for Ukrainian Boy and Girl Scouts."
=610  20$a"Plast" orhanizat︠s︡ii︠a︡ ukraïnsʹkoï molodi$vPeriodicals.
=650  \0$aScouting (Youth activity)$zGermany$vPeriodicals.
=650  \0$aUkrainians$zGermany$vPeriodicals.
=650  \0$aUkrainians$zUnited States$vPeriodicals.
=710  2\$a"Plast" orhanizat︠s︡ii︠a︡ ukraïnsʹkoï molodi.$bHolovna Plastova starshyna.
=852  \\$xdeleted
=985  \\$aCorrected by MS generated file for WR# 1805-0738
=CAT  \\$aCONV$b00$c20040502$lBLL01$h0951
=CAT  \\$c20041023$lBLL01$h1116
=CAT  \\$c20041023$lBLL01$h1201
=CAT  \\$c20041027$lBLL01$h1635
=CAT  \\$aBATCH$b00$c20091130$lBLL01$h0153
=CAT  \\$a9478$b40$c20110414$lBLL01$h1015
=CAT  \\$a1805-0738$c20181109$lBLL01$h1758
=CAT  \\$a1805-0738$b00$c20181109$lBLL01$h1838
=CAT  \\$a8874$b40$c20220509$lBLL01$h1420
=CAT  \\$a8874$b40$c20220509$lBLL01$h1422
=FIN  \\$aY
=LEO  \\$aMP1.0003043714
=SRC  \\$aBLS01$bbibmp1.200404.2.ad
=TCO  \\$aDEU$bVG WORT$c008
=LAS  \\$a8874$b40$c20220509$lBLL01$h1422

