=LDR  01243 am a22003613  4500
=001  001444190
=003  Uk
=005  20200515183637.0
=008  001121m18801902fr\\\\\||\\\\\|||\||fre\\
=FMT  \\$a  BK
=019  x\$a1264370288
=040  \\$aUk$cUk$dUk
=100  1\$aGodefroy, Frédéric,$d1826-1897.
=245  10$aDictionnaire de l'ancienne langue française et de tous ses dialectes, du IXe au XVe siècle, etc.
=264  \1$aParis, Abbeville [printed],$c1880-1902.
=300  \\$a10 tom ;$c(4º)
=336  \\$atext$2rdacontent
=337  \\$aunmediated$2rdamedia
=338  \\$avolume$2rdacarrier
=852  11$aBritish Library$bHMNTS$kHLR$h447.01
=985  \\$aCorrected by MS generated file for WR# 1805-0738
=CAT  \\$aCONV$b00$c20040502$lBLL01$h0920
=CAT  \\$aglobal_upd$b40$c20060416$lBLL01$h1411
=CAT  \\$aBATCH$b00$c20091128$lBLL01$h2048
=CAT  \\$a6550$b40$c20100302$lBLL01$h1009
=CAT  \\$a6550$b40$c20100302$lBLL01$h1014
=CAT  \\$a1805-0738$c20181005$lBLL01$h1822
=CAT  \\$a1805-0738$b00$c20181005$lBLL01$h1859
=CAT  \\$aW2001-2376$c20200515$lBLL01$h1836
=FIN  \\$aY
=LEO  \\$aMP1.0001523213
=SRC  \\$aBLS01$bbibmp1.200404.2.ab
=LAS  \\$aW2001-2376$b00$c20200515$lBLL01$h1836

