=LDR  01393 am a22003373  4500
=001  001647993
=003  Uk
=005  20200327175828.0
=008  000522s1885\\\\|||\\\\||\\\\\|||\||eng\\
=FMT  \\$a  BK
=019  x\$a1444500058
=040  \\$aUk$cUk
=100  1\$aHemsley, W. Botting$q(William Botting),$d1843-1924.
=245  10$aReport on present state of knowledge of various insular floras :$bbeing an introduction to the botany of the Challenger expedition /$cby William Botting Hemsley.
=260  \\$c1885.
=336  \\$atext$2rdacontent
=337  \\$aunmediated$2rdamedia
=338  \\$avolume$2rdacarrier
=490  1\$aReport on the scientific results of the voyage of the H.M.S. Challenger during the years 1873-76 ... Botany ;$v[Sect. IV], v. 1, pt. 1
=611  20$aChallenger Expedition$d(1872-1876)
=650  \0$aPhytogeography.
=711  2\$aChallenger Expedition$d(1872-1876)
=830  \0$aReport on the scientific results of the voyage of the H.M.S. Challenger during the years 1873-76.$n4,$pBotany ;$vv. 1, pt. 1.
=852  71$aBritish Library$bHMNTS$k(B)$hCC 60$2blsrissc
=985  \\$aUpgraded by BSS-generated file for WR1910-0531
=CAT  \\$aCONV$b00$c20040502$lBLL01$h0925
=CAT  \\$a8874$b40$c20040907$lBLL01$h1132
=CAT  \\$aW1910-0531$b00$c20200327$lBLL01$h1758
=FIN  \\$aY
=LEO  \\$aMP1.0001738097
=LAS  \\$aW1910-0531$b00$c20200327$lBLL01$h1758

