=LDR  01340 am a22003613  4500
=001  001667830
=003  Uk
=005  20200327175913.0
=008  000522s1888\\\\|||\\\\||\\\\\|||\||eng\\
=FMT  \\$a  BK
=019  x\$a1463920202
=040  \\$aUk$cUk
=100  1\$aHertwig, Richard,$d1850-1937.
=245  10$aReport on the actinaria dredged by H.M.S. Challenger ... 1873-76.$pSupplement.
=260  \\$c1888
=300  \\$a1 v.
=336  \\$atext$2rdacontent
=337  \\$aunmediated$2rdamedia
=338  \\$avolume$2rdacarrier
=490  1\$aReport on the scientific results of the voyage of the H.M.S. Challenger during the years 1873-76 ... Zoology ;$vv. 26, pt. 3
=611  20$aChallenger Expedition$d(1872-1876)
=650  \0$aSea anemones.
=711  2\$aChallenger Expedition$d(1872-1876)
=830  \0$aReport on the scientific results of the voyage of the H.M.S. Challenger during the years 1873-76.$n5,$pZoology ;$vv. 26, pt. 3.
=852  71$aBritish Library$bHMNTS$k(B)$hCC 60$2blsrissc
=985  \\$aUpgraded by BSS-generated file for WR1910-0531
=CAT  \\$aCONV$b00$c20040502$lBLL01$h0925
=CAT  \\$a8874$b40$c20041201$lBLL01$h1355
=CAT  \\$aW1910-0531$b00$c20200327$lBLL01$h1759
=FIN  \\$aY
=LEO  \\$aMP1.0001759109
=SRC  \\$aBLS01$bbibmp1.200404.2.ab
=LAS  \\$aW1910-0531$b00$c20200327$lBLL01$h1759

