=LDR  01440 am a22003853  4500
=001  000223597
=003  Uk
=005  20200313175508.0
=008  000522|1888|||||||\\\\||\\\\\|||\||eng\\
=FMT  \\$a  BK
=019  x\$a0210360054
=040  \\$aUk$cUk$dUk
=100  1\$aBate, C. Spence$q(Charles Spence),$d1818-1889.
=245  10$aReport on the Crustacea Macrura collected by H.M.S. Challenger during the years 1873-76 /$cby C. Spence Bate.
=260  \\$c1888.
=300  \\$a2 v.
=336  \\$atext$2rdacontent
=337  \\$aunmediated$2rdamedia
=338  \\$avolume$2rdacarrier
=490  1\$aReport on the scientific results of the voyage of the H.M.S. Challenger during the years 1873-76 ... Zoology ;$vv. 24
=611  20$aChallenger Expedition$d(1872-1876)
=650  \0$aScientific expeditions.
=650  \0$aShrimps.
=830  \0$aReport on the scientific results of the voyage of the H.M.S. Challenger during the years 1873-76.$n5,$pZoology ;$vv. 24
=852  71$aBritish Library$bSTI$k(B)$kCC 60$2blsrissc
=958  \\$a1825.aa.$cSRIS
=985  \\$aUpgraded by BSS-generated file for WR1910-0531
=CAT  \\$aCONV$b00$c20040502$lBLL01$h0853
=CAT  \\$a8874$b40$c20060728$lBLL01$h1131
=CAT  \\$aBATCH$b00$c20091126$lBLL01$h0045
=CAT  \\$aW1910-0531$b00$c20200313$lBLL01$h1755
=FIN  \\$aY
=LEO  \\$aMP1.0000245980
=SRC  \\$aBLS01$bbibmp1.200404.2.aa
=LAS  \\$aW1910-0531$b00$c20200313$lBLL01$h1755

