=LDR  01609 am a22003853  4500
=001  000631270
=003  Uk
=005  20200313180718.0
=008  000522s1886\\\\enk\\\\||\\\\\|||\||eng\\
=FMT  \\$a  BK
=019  x\$a0560470096
=040  \\$aUk$cUk
=100  1\$aCastracane degli Antelminelli, Francesco,$cconte,$d1817-1899.
=245  10$aReport on the Diatomaceæ collected by H.M.S. Challenger during the years 1873-76 /$cby Conte Abate Francesco Castracane degli Antelminelli.
=260  \\$aLondon :$bPrinted for H.M.S.O. and sold by Longmans,$c1886.
=300  \\$a178 p., xxx leaves of plates :$bill. ;$c33 cm.
=336  \\$atext$2rdacontent
=337  \\$aunmediated$2rdamedia
=338  \\$avolume$2rdacarrier
=490  1\$aReport on the scientific results of the voyage of H.M.S. Challenger during the years 1873-76. Botany ;$vv. 2
=650  \0$aDiatoms$vClassification.
=650  \0$aDiatoms$vIdentification.
=650  \0$aMarine algae$vClassification.
=650  \0$aMarine algae$vIdentification.
=711  2\$aChallenger Expedition$d(1872-1876)
=830  \0$aReport on the scientific results of the voyage of the H.M.S. Challenger during the years 1873-76.$n4,$pBotany ;$vv. 2.
=852  71$aBritish Library$bHMNTS$k(B)$hCC 60$2blsrissc
=985  \\$aUpgraded by BSS-generated file for WR1910-0531
=CAT  \\$aCONV$b00$c20040502$lBLL01$h0902
=CAT  \\$a8874$b40$c20040907$lBLL01$h1200
=CAT  \\$aWR12.139$b00$c20130430$lBLL01$h1751
=CAT  \\$aW1910-0531$b00$c20200313$lBLL01$h1807
=FIN  \\$aY
=LEO  \\$aMP1.0000663400
=LAS  \\$aW1910-0531$b00$c20200313$lBLL01$h1807

