=LDR  05623cam a22009017i 4500
=001  020036309
=003  Uk
=005  20230301215605.0
=008  200908t20202020enkah\\\\b\\\\001\0\eng\c
=FMT  \\$a  BK
=015  \\$aGBC0D7961$2bnb
=020  \\$a9781107102460$qhardcover
=020  \\$a1107102464$qhardcover
=020  \\$a9781107500143$qpaperback
=020  \\$a1107500141$qpaperback
=035  \\$a(OCoLC)1197768703
=040  \\$aUKMGB$beng$cUKMGB$dOCLCO$dYDX$dOCLCF$dERASA$dXII$dNJR$dYDX$dOCL$dOCLCO$dNJT$dOCLCO$dJ9U$dOCLCO$dUk$erda
=042  \\$aukblderived
=043  \\$ae-uk---$ae-uk-en
=050  \4$aZ8.G7$bC35 2020
=082  04$a091.0941$223
=245  04$aThe Cambridge companion to medieval British manuscripts /$cedited by Orietta Da Rold (University of Cambridge), Elaine Treharne (Stanford University).
=246  30$aCompanion to medieval British manuscripts
=246  30$aMedieval British manuscripts
=264  \1$aCambridge, United Kingdom :$bCambridge University Press,$c2020.
=264  \4$c©2020
=300  \\$axiii, 319 pages :$billustrations ;$c24 cm.
=336  \\$atext$btxt$2rdacontent
=337  \\$aunmediated$bn$2rdamedia
=338  \\$avolume$bnc$2rdacarrier
=490  1\$aCambridge companions. Literature
=504  \\$aIncludes bibliographical references (pages 295-307) and index.
=505  00$gIntroduction.$tThe matter of manuscripts and methodologies /$rOrietta Da Rold and Elaine Treharne --$tDescribing and cataloguing Medieval English manuscripts : a checklist /$rRichard Beadle and Ralph Hanna --$tReading a manuscript description /$rDonald Scragg --$tReading and understanding scripts /$rJulia Crick and Daniel Wakelin --$tWorking with images in manuscripts /$rBeatrice Kitzinger --$tThe sum of the book : structural codicology and Medieval manuscript culture /$rRyan Perry --$tNetworks of writers and readers /$rElaine Treharne and Orietta Da Rold --$tThe written word : literacy across languages /$rJane Gilbert and Sara Harris --$tThe Wycliffite Bible /$rElizatben Solopova --$tEditing Medieval manuscripts for modern audiences /$rHelen Fulton --$tWhere were books made and kept? /$rTeresa Webber --$tCharming the snake : asscessing and disciplining the Medieval manuscript /$rSiân Echard and Andrew Prescott --$tThe curation and display of digital Medieval manuscripts /$rSuzanne Paul --$tMedieval manuscripts, the collector, and the trade /$rA.S.G. Edwards.
=520  8\$a"The scholarship and teaching of manuscript studies has been transformed by digitisation, rendering previously rarefied documents accessible for study on a vast scale. The Cambridge Companion to Medieval British Manuscripts orientates students in the complex, multidisciplinary study of medieval book production and contemporary display of manuscripts from c.600-1500. Accessible explanations draw on key case studies to illustrate the major methodologies and explain why skills in understanding early book production are so critical for reading, editing, and accessing a rich cultural heritage. Chapters by leading specialists in manuscript studies range from explaining how manuscripts were stored, to revealing the complex networks of readers and writers which can be understood through manuscripts, to an in depth discussion on the Wycliffite Bible."--$cProvided by publisher.
=650  \0$aManuscripts, Medieval$zGreat Britain.
=650  \0$aManuscripts, Medieval$zEngland.
=650  \0$aCodicology.
=650  \0$aCodicology$zGreat Britain.
=650  \0$aManuscripts, Latin (Medieval and modern)$zGreat Britain.
=650  \0$aEnglish philology$yMiddle English, 1100-1500.
=650  \0$aBooks$xHistory$y400-1450.
=650  \0$aBooks$zGreat Britain$xHistory$y400-1450.
=650  \6$aManuscrits médiévaux$zGrande-Bretagne.
=650  \6$aManuscrits médiévaux$zAngleterre.
=650  \6$aCodicologie.
=650  \6$aCodicologie$zGrande-Bretagne.
=650  \6$aManuscrits latins médiévaux et modernes$zGrande-Bretagne.
=650  \6$aPhilologie anglaise$y1100-1500 (Moyen anglais)
=650  \6$aLivres$xHistoire$y400-1450.
=650  \6$aLivres$zGrande-Bretagne$xHistoire$y400-1450.
=650  \7$aEnglish philology$xMiddle English.$2fast$0(OCoLC)fst01905668
=650  \7$aManuscripts, Latin (Medieval and modern)$2fast$0(OCoLC)fst01008399
=650  \7$aCodicology.$2fast$0(OCoLC)fst00866236
=650  \7$aCataloging of manuscripts.$2fast$0(OCoLC)fst00848769
=650  \7$aManuscripts, Medieval.$2fast$0(OCoLC)fst01008422
=651  \7$aEngland.$2fast$0(OCoLC)fst01219920
=651  \7$aGreat Britain.$2fast$0(OCoLC)fst01204623
=650  \7$aBooks.$2fast$0(OCoLC)fst00836401
=650  \7$aManuscripts, Medieval$zGreat Britain.$2nli
=650  \7$aManuscripts, Medieval$zEngland.$2nli
=650  \7$aCodicology.$2nli
=650  \7$aCodicology$zGreat Britain.$2nli
=650  \7$aManuscripts, Latin (Medieval and modern)$zGreat Britain.$2nli
=650  \7$aEnglish philology$yMiddle English, 1100-1500.$2nli
=650  \7$aBooks$xHistory$y400-1450.$2nli
=650  \7$aBooks$zGreat Britain$xHistory$y400-1450.$2nli
=648  \7$a400-1500$2fast
=655  \7$aHistory.$2fast$0(OCoLC)fst01411628
=700  1\$aDa Rold, Orietta,$eeditor.
=700  1\$aTreharne, Elaine,$eeditor.
=830  \0$aCambridge companions to literature.
=852  11$aBritish Library$bHMNTS$kMSS$h745.67
=CAT  \\$aBATCH-CIPN$b00$c20201208$lBLL01$h1711
=CAT  \\$a11131$b40$c20230227$lBLL01$h1112
=CAT  \\$aBATCH-016$c20230301$lBLL01$h2156
=FIN  \\$aY$d20230227
=SID  \\$aZ39$bOCLC
=LAS  \\$aBATCH-016$b00$c20230301$lBLL01$h2156

