=LDR  04153 am a2200481 i 4500
=001  020044681
=003  Uk
=005  20210514141028.0
=008  200909s2020\\\\caua\\\\\b\\\|0|1\0|eng\\
=FMT  \\$a  BK
=010  \\$a2020039923
=020  \\$a9781634000604$qpaperback acid-free paper
=020  \\$z9781634001199$qebook
=040  \\$aDLC$beng$cDLC$dUk$erda
=042  \\$aukblsr
=043  \\$an-us---
=050  00$aZ682.35.P82$bD43 2020
=082  04$a025.5019$223
=245  00$aDeconstructing service in libraries :$bintersections of identities and expectations /$cedited by Veronica Arellano Douglas and Joanna Gadsby.
=264  \1$aSacramento, CA :$bLitwin Books,$c2020.
=300  \\$axvi, 386 pages :$billustrations (black and white) ;$c23 cm.
=336  \\$atext$2rdacontent
=337  \\$aunmediated$2rdamedia
=338  \\$avolume$2rdacarrier
=490  0\$aSeries on gender and sexuality in information studies ;$v11
=505  0\$aIntroduction / Veronica Arellano Douglas and Joanna Gadsby -- Service, Gender, and Liaison Librarianship / Megan Browndorf and Maura Seale -- Bottoms Up: A Queer Asian Perspective on Service in Academic Librarianship / Andrew Wang -- Fat, Fit, and Fem: Exploring Performative Femininity for Fat Female Librarians / Ali Versluis, Carli Agostino, and Melanie Cassidy -- Access Services: Not Waving, but Drowning / Max Bowman and Monica Samsky -- DisService: Disabled library staff and service expectations / Kelsey George -- Four Legs Make a Table: Service and Identity in Academic Librarianship / Maura A. Smale -- The Weight of Service: Librarianship and Mental Health / Siân Evans -- Read, Write, Sing, and...Mutually Empower: Creating Support Systems and Engaging Inclusive Service / Lalitha Nataraj and Kristine Macalalad -- We're Not Libraries; We're People: Identity and Emotional Labor in Providing Face-to-Face Services in Libraries / Carolina Hernandez and Mary K. Oberlies -- 
=504  \\$aIncludes bibliographical references and index.Uneven expectations: gender, whiteness, and the wobbly tripod / Hailley Fargo, Chelsea Heinbach, and Charissa Powell -- A Gendered Legacy: Librarianship and the Social Value of Women's Work / Christina Neigel -- Insert Instruction Here: The Impact of the Service Model on Authentic Teaching / Christine M. Moeller -- You Know How to Do This: Caring Service in Librarianship and Midwifery / Elizabeth Galoozis -- Situating Service: Care and Equity in Academic Libraries / Shana Higgins -- Radicalizing Librarian Service through Vulnerability Practice / Jessica Denke -- Reframing and Reimagining the Value of Service / Emily Puckett Rodgers, Rachel Vacek, and Meghan Sitar -- Shared Service in the Archives: The Johns Hopkins University First-generation Students Oral History Project / Jennifer Kinniff and Annie Tang -- Redefining Library Service through Embedded Critical Reflective Practice / Silvia Vong -- "We Gave Them Songs About Taking Your Own Damn Stand:" A Blueprint For De/Reconstructing Metadata Creation As A Public Service / Erin Leach.
=520  \\$a"Offers a historical-cultural context for the ethos of service in libraries and critically examines this professional value as it intersects with gender, sexuality, race and ethnicity, class, and (dis)ability"--Provided by publisher.$cProvided by publisher.
=650  \0$aLibrarians$zUnited States$xPsychology.
=650  \0$aLibrarians$xProfessional ethics$zUnited States.
=650  \0$aPublic services (Libraries)$zUnited States$xPsychological aspects.
=650  \0$aWomen library employees$zUnited States.
=650  \0$aMinority library employees$zUnited States.
=650  \0$aBurn out (Psychology)$zUnited States.
=700  1\$aDouglas, Veronica Arellano,$eeditor.
=700  1\$aGadsby, Joanna,$eeditor.
=776  08$iOnline version:$tDeconstructing service in libraries$w(DLC) 2020039924$dSacramento, CA : Litwin Books, 2020.$z9781634001199
=852  11$aBritish Library$bHMNTS$kHUR$h025.284
=CAT  \\$a6503$b40$c20201217$lBLL01$h1129
=CAT  \\$a9666$b40$c20210514$lBLL01$h1410
=FIN  \\$aY$d20210514
=SRC  \\$aBLL02
=LAS  \\$a9666$b40$c20210514$lBLL01$h1410

