=LDR  01267 am a2200349 i 4500
=001  020049642
=003  Uk
=005  20201229143930.0
=008  201229s2020\\\\ii\\\\\\\\\\\|0|0\0|eng\\
=FMT  \\$a  BK
=040  \\$aUk$beng$cUk$erda
=042  \\$aukblsr
=082  04$a920.054$223
=100  1\$aBhushan, Ravi,$ecompiler.
=245  10$aReference India :$bbiographical-notes about men & women of achievement of today & tomorrow /$cRavi Bhushan, compiling editor.
=246  1\$iHalf title:$aReference India 2020
=264  \1$aNew Delhi, India :$bRifacimento International,$c[2020]
=300  \\$a4 volumes ;$c23 cm
=336  \\$atext$2rdacontent
=337  \\$aunmediated$2rdamedia
=338  \\$avolume$2rdacarrier
=505  0\$aVolume first. A-F -- volume second. G-L -- volume third. M-R -- volume fourth. S-Z.
=650  \0$aSuccessful people$zIndia$vBiography$vDictionaries.
=651  \0$aIndia$vBiography$vDictionaries.
=710  2\$aRifacimento International,$epublisher.
=852  41$aBritish Library$bOC$ivol. 1
=852  41$aBritish Library$bOC$ivol. 2
=852  41$aBritish Library$bOC$ivol. 3
=852  41$aBritish Library$bOC$ivol. 4
=CAT  \\$a11250$b40$c20201229$lBLL01$h1439
=FIN  \\$aY$d20201229
=LAS  \\$a11250$b40$c20201229$lBLL01$h1439

