=LDR  01184 cm a22003133ib4500
=001  020116859
=003  Uk
=005  20210301142538.0
=008  210227s2008\\\\gw\\\z\\\\\\\\\\\\\\\\\\d
=FMT  \\$a  MU
=028  30$a207$bTree Edition
=035  \\$a(GyWOH)har005100162
=040  \\$aGyWOH$beng$cGyWOH
=245  00$aGoess A :$bUtrecht, 1664.
=250  \\$a3rd printing.
=264  \1$aLübeck :$bTree Edition,$c2008-
=300  \\$a<159> p. of music in 2 v. ;$c30 cm
=336  \\$anotated music$bntm$2rdacontent
=337  \\$aunmediated$bn$2rdamedia
=338  \\$avolume$bnc$2rdacarrier
=490  0\$aThe Goess tablature collection. MUS, MUS
=500  \\$aReprint of the manuscripts in the Library of Graf Leopold von Goess, Ebenthal, Austria.
=500  \\$a134 pieces for viola da gamba in French tablature (various tuning).
=500  \\$aPreface in English.
=500  \\$aContains works by Steffkens, Young, Jenkins, Ives, Herwich, Polewheel, Switoni, Price, Wolff, Coleman and anonymous composers.
=852  41$aBritish Library$bDSC$cMUSIC
=CAT  \\$aBATCH-HARR$b00$c20210301$lBLL01$h1425
=SRC  \\$aHarrassowitz - Supplier
=LAS  \\$aBATCH-HARR$b00$c20210301$lBLL01$h1425

