=LDR  01320pam a2200385 i 4500
=001  020156161
=003  Uk
=005  20211022212155.0
=008  210125r20172018nyua\\\\\b\\\\001|0|eng|d
=FMT  \\$a  BK
=015  \\$aGBC154869$2bnb
=016  7\$a020156161$2Uk
=020  \\$a9780738234816 :$q(pbk.)$c£13.99
=020  \\$a9780738219905$q(hbk.)
=040  \\$aStDuBDS$beng$cStDuBDS$dUk$erda
=042  \\$aukblcatcopy
=082  04$a658.408$223
=100  1\$aJanus, Kathleen Kelly,$eauthor.
=245  10$aSocial startup success :$bhow the best nonprofits launch, scale up, and make a difference /$cKathleen Kelly Janus.
=264  \1$aNew York :$bHachette Go,$c2017.
=300  \\$axiv, 252 pages :$billustrations ;$c24 cm
=336  \\$atext$2rdacontent
=337  \\$aunmediated$2rdamedia
=338  \\$avolume$2rdacarrier
=500  \\$aOriginally published: 2018.
=504  \\$aIncludes bibliographical references and index.
=500  \\$aFormerly CIP.$5Uk
=650  \0$aSocial entrepreneurship.
=690  7\$aManagement and Business Studies$2blcoll
=852  11$aBritish Library$bSTI$cBIPC
=CAT  \\$aBATCH-CIPN$b00$c20210413$lBLL01$h1701
=CAT  \\$a11131$b40$c20211014$lBLL01$h0844
=CAT  \\$aBATCH-MBS$c20211022$lBLL01$h2121
=FIN  \\$aY$d20211014
=LAS  \\$aBATCH-MBS$b00$c20211022$lBLL01$h2121

