=LDR  02820 am a2200397 i 4500
=001  020175507
=003  Uk
=005  20210528130244.0
=008  200523s2020\\\\maua\\\\\b\\\|0|1\0|eng\\
=FMT  \\$a  BK
=010  \\$a  2019059142
=015  \\$aGBC182451$2bnb
=020  \\$a9780262044592$q(hardcover)
=040  \\$aLBSOR/DLC$beng$cDLC$dDLC$dUk$erda
=042  \\$apcc$aukblsr
=050  00$aRC455.2.D38$bC65 2020
=082  04$a616.8900285$223
=245  00$aComputational psychiatry :$ba primer /$cedited by Peggy Seriès.
=264  \1$aCambridge, Massachusetts :$bThe MIT Press,$c[2020]
=300  \\$axii, 330 pages :$billustrations (black and white, and colour) ;$c24 cm
=336  \\$atext$btxt$2rdacontent
=337  \\$aunmediated$bn$2rdamedia
=338  \\$avolume$bnc$2rdacarrier
=504  \\$aIncludes bibliographical references and index.
=505  0\$aIntroduction: toward a computational approach to psychiatry -- Methods of computational psychiatry: a brief survey -- Biophysically based neural circuit modeling of working memory and decision making and related psychiatric deficits -- Computational models of cognitive control: past and current approaches -- The value of almost everything: models of the positive and negative valence systems and their relevance to psychiatry -- Psychosis and schizophrenia from a computational perspective -- Depressive disorders from a computational perspective -- Anxiety disorders from a computational perspective -- Addiction from a computational perspective -- Tourette syndrome from a computational perspective -- Perspectives and further study in computational psychiatry.
=520  \\$a"Computational psychiatry represents a novel and multidisciplinary approach to mental dysfunction. Computational psychiatry seeks to characterize mental dysfunction in terms of deviations from healthy brain computations over multiple time scales. It focuses on building mathematical models of neural or cognitive phenomena relevant to psychiatric diseases. One critical function of these models is their ability to bridge between low-level biological (neuroscience) and high-level cognitive features (psychiatric symptoms). This is the first textbook in the new field of computational psychiatry, designed for the next generation of scientists and clinicians who wish to apply computational models to modern diagnosis and treatment strategies"--$cProvided by publisher.
=650  \0$aPsychiatry$xData processing.
=650  \0$aPsychiatry$xMathematical models.
=650  \0$aComputational biology.
=700  1\$aSeriès, Peggy,$eeditor.
=852  11$aBritish Library$bSTI$k616.8900285
=CAT  \\$a6503$b40$c20210430$lBLL01$h1257
=CAT  \\$a8964$b40$c20210528$lBLL01$h1302
=FIN  \\$aY$d20210528
=SRC  \\$aBLL02
=LAS  \\$a8964$b40$c20210528$lBLL01$h1302

