=LDR  01379pam a2200409 i 4500
=001  018407014
=003  Uk
=005  20171024145544.0
=008  170213s2017\\\\enk\\\\\\\\\\\000|0|eng|d
=FMT  \\$a  BK
=015  \\$aGBB7B2537$2bnb
=016  7\$a018407014$2Uk
=020  \\$a9780730336228 (pbk.) :$c£17.50
=020  \\$z9780730336242 (ePub ebook) :$cNo price
=020  \\$z9780730336235 (PDF ebook) :$cNo price
=040  \\$aStDuBDS$beng$cStDuBDS$dUk$erda
=042  \\$aukblcatcopy
=082  04$a658.4092$223
=100  1\$aBarr, Stacey,$eauthor.
=245  10$aProve it! :$bhow to create a high-performance culture and measurable success /$cStacey Barr.
=264  \1$aMilton, Qld. :$bJohn Wiley and Sons Australia, Ltd,$c2017.
=300  \\$axv, 195 pages ;$c23 cm
=336  \\$atext$2rdacontent
=337  \\$aunmediated$2rdamedia
=338  \\$avolume$2rdacarrier
=500  \\$aFormerly CIP.$5Uk
=650  \0$aLeadership.
=650  \0$aOrganizational effectiveness.
=690  7\$aManagement and Business Studies$2blcoll
=776  08$iebook version :$z9780730336242
=852  11$aBritish Library$bSTI$cBIPC$kSBH.ODHR.88
=916  \\$a100=NEW
=CAT  \\$aBATCH-CIPN$b00$c20170704$lBLL01$h1700
=CAT  \\$a11002$b40$c20171024$lBLL01$h1455
=CAT  \\$aBATCH-MBS$c20171117$lBLL01$h2119
=FIN  \\$aY$d20171024
=LAS  \\$aBATCH-MBS$b00$c20171117$lBLL01$h2119

