=LDR  01715 am a2200457 i 4500
=001  018441656
=003  Uk
=005  20180726084951.0
=008  170615s2016\\\\enka\\\\|b\\\\0|0\0|eng\d
=FMT  \\$a  BK
=015  \\$aGBB8D8228$2bnb
=016  7\$a018441656$2Uk
=020  \\$a9781906284473$qpaperback
=040  \\$aStEdALDL$beng$cStEdALDL$dUk$erda
=042  \\$aukblsr
=082  04$a362.610941$223
=100  1\$aAdams, John,$d1976-$eauthor.
=245  10$aCare and state pension reform :$binteractions between state pension and long-term care reforms : a summary of findings /$ca research report by John Adams [and 10 others].
=246  13$aCASPer
=246  13$aInteractions between state pension and long-term care reforms :$ba summary of findings
=264  \1$aLondon :$bPensions Policy Institute,$cDecember 2016.
=300  \\$a27 pages :$billustrations (colour) ;$c30 cm
=336  \\$atext$2rdacontent
=337  \\$aunmediated$2rdamedia
=338  \\$avolume$2rdacarrier
=504  \\$aIncludes bibliographical references.
=650  \0$aOlder people$xLong-term care$zGreat Britain$xFinance.
=650  \0$aOld age pensions$zGreat Britain.
=690  7\$aSocial Welfare$2blcoll
=710  2\$aPensions Policy Institute,$eissuing body.
=852  41$aBritish Library$bHMNTS$2YK.2018.b.1689
=CAT  \\$aBATCH-ALDL$b00$c20170727$lBLL01$h2122
=CAT  \\$aBATCH-UPD$b00$c20170727$lBLL01$h2122
=CAT  \\$a6923$b40$c20170831$lBLL01$h1216
=CAT  \\$a9671$b40$c20180726$lBLL01$h0836
=CAT  \\$a9671$b40$c20180726$lBLL01$h0849
=CAT  \\$aBATCH-SWP$c20180803$lBLL01$h2227
=FIN  \\$aY$d20180726
=LDO  \\$d1/3582772
=SRC  \\$aALDL
=LAS  \\$aBATCH-SWP$b00$c20180803$lBLL01$h2227

