=LDR  01110 am a2200289 i 4500
=001  018516979
=003  Uk
=005  20180719101755.0
=008  170918s1868\\\\fr\a\\\\\\\\\\000\0\fre\\
=FMT  \\$a  BK
=040  \\$aUk$beng$cUk$erda$edcrmb
=042  \\$aukblsr
=100  1\$aGill, André,$d1840-1885,$eartist.
=245  10$aGill-revue :$ble salon pour rire, 1868.
=264  \1$aParis :$bImprimerie Auguste Vallée, 15, rue Breda,$c1868.
=300  \\$a2 volumes :$billustrations (colour) ;$c35 cm
=336  \\$atext$2rdacontent
=337  \\$aunmediated$2rdamedia
=338  \\$avolume$2rdacarrier
=500  \\$aN° 1 of the Gill-revue peridodical: "Le Salon pour rire" (16 pages). N° 2: "La Vessie, qu'il ne faut pas prendre pour la Lanterne de Rochefort".
=650  \0$aPainting, French$y19th century$vExhibitions.
=852  41$aBritish Library$bHMNTS$qCopy at XXXX. Imperfect : wanting volume 2.
=CAT  \\$a9465$b40$c20170918$lBLL01$h1442
=CAT  \\$a14484$b40$c20180718$lBLL01$h1200
=CAT  \\$a14484$b40$c20180719$lBLL01$h1017
=FIN  \\$aY$d20180717
=LAS  \\$a14484$b40$c20180719$lBLL01$h1017

