=LDR  01543ccm a2200433 i 4500
=001  018534387
=003  Uk
=005  20230223163944.0
=008  170926s1879\\\\enkuul\|\\\\\\\n\\|\zxx\\
=FMT  \\$a  MU
=028  22$a609$bNeumeyer & Co.
=040  \\$aUk$beng$cUk$erda
=042  \\$aukblsr
=082  04$a786.2$223
=100  1\$aHofmann, Heinrich,$d1842-1902,$ecomposer.
=240  10$aAus meinem Tagebuch.$nHeft 3
=245  10$aFrom my diary.$nBook 3 /$ccomposed by H. Hofmann.
=250  \\$aAs solos.
=264  \1$aLondon :$bNeumeyer & Co.,$c[1879?]
=300  \\$a1 score (11 pages) ;$c34 cm
=336  \\$anotated music$2rdacontent
=337  \\$aunmediated$2rdamedia
=338  \\$avolume$2rdacarrier
=382  01$apiano$n1$s1$2lcmpt
=500  \\$a"Twelve pianoforte pieces, op. 46."
=546  \\$bStaff notation.
=500  \\$aCover title.
=500  \\$a"Dedicated to Frau Clara Schumann."
=505  0\$a9. Zum Abschied = At parting -- 10. Schneeflocken = Snowflakes -- 11. In der Haideschnke = In the forest inn -- 12. Wandervöglein = Roving bird.
=655  \7$aArt music.$2fast$0(OCoLC)fst01920007
=655  \7$aScores.$2fast$0(OCoLC)fst01692898
=700  1\$aSchumann, Clara,$d1819-1896,$ededicatee.
=852  41$aBritish Library$bDSC$cMUSIC
=985  \\$aUpdated by MS generated file for WR2302-017
=CAT  \\$a8870$b40$c20170926$lBLL01$h1654
=CAT  \\$a8870$b40$c20170927$lBLL01$h1047
=CAT  \\$aW2302-0174$c20230223$lBLL01$h2016
=FIN  \\$aY$d20170926
=LAS  \\$aW2302-0174$b00$c20230223$lBLL01$h2016

