=LDR  03124aam a2200505 i 4500
=001  018615953
=003  Uk
=005  20180419212141.0
=008  171007s2018\\\\enka\\\\\b\\\\001\0\eng\c
=FMT  \\$a  BK
=010  \\$a2017028252  
=015  \\$aGBB7M4597$2bnb
=016  7\$a018615953$2Uk
=020  \\$a9781138240995 (hbk.) :$c£110.00
=020  \\$a9781138241008 (pbk.) :$c£29.99
=020  \\$z9781315281636 (ePub ebook) :$c£29.99
=020  \\$z9781315281643 (PDF ebook) :$c£29.99
=020  \\$z9781315281629 (Mobipocket ebook) :$c£29.99
=020  \\$z9781315281650 (ebook) :$c£29.99
=040  \\$aStDuBDS$beng$cStDuBDS$dUk$erda
=042  \\$aukblsr
=050  00$aPN4784.B75$bJ85 2018
=082  00$a808.06607$223
=100  1\$aJukes, Stephen,$eauthor.
=245  10$aUnderstanding broadcast journalism /$cStephen Jukes, Katy McDonald and Guy Starkey.
=264  \1$aLondon ;$aNew York, NY :$bRoutledge,$c2018.
=300  \\$a154 pages :$billustration ;$c25 cm.
=336  \\$atext$2rdacontent
=337  \\$aunmediated$2rdamedia
=338  \\$avolume$2rdacarrier
=500  \\$aFormerly CIP.$5Uk
=504  \\$aIncludes bibliographical references and index.
=520  \\$a"Understanding Broadcast Journalism presents an insightful exploration of broadcast journalism today; its characteristics, motivations, methods and paradigms. The authors balance discussions of industry practice with critical examinations of content, across television, radio and associated multiplatform journalism. They highlight key issues including ownership and shifting regulatory environments, the revolutionary role of user-generated-content and digital convergence, and coverage of global issues by rolling news services. Chapters include: - a brief history of broadcasting; - an overview of recent commercial challenges in the news industry and the impact on television news; - current trends in the running of local radio stations, with particular focus on the rise of 'hubbing'; - the ethics of broadcast journalism; - the significance of international broadcasters including the BBC, CNN and Al-Jazeera. The book identifies how the dissemination of broadcast journalism is evolving, whilst also arguing for the continued resilience of this industry now and in the future, making the case that journalistic storytelling remains at its most effective in broadcast environments. Professional journalists and students of media studies and journalism will find this a timely and thought-provoking intervention, which will help to inform their professional practice and research"--$cProvided by publisher.
=650  \0$aBroadcast journalism.
=700  1\$aMcDonald, Katy,$eauthor.
=700  1\$aStarkey, Guy,$eauthor.
=852  11$aBritish Library$bHMNTS$kNRR$h070.19
=BUF  \\$aN$d20180219
=CAT  \\$aBATCH-CIPN$b00$c20171121$lBLL01$h1700
=CAT  \\$a11131$b40$c20180219$lBLL01$h0809
=CAT  \\$a11131$b40$c20180219$lBLL01$h0810
=CAT  \\$aBATCH-BUOC$b00$c20180419$lBLL01$h2121
=CAT  \\$aBATCH-016$c20180425$lBLL01$h2153
=FIN  \\$aY$d20180219
=LAS  \\$aBATCH-016$b00$c20180425$lBLL01$h2153

