=LDR  02653 am a2200589 i 4500
=001  018618096
=003  Uk
=005  20171212152400.0
=008  171103r20172014ko\a\\\\\b\\\\001\0\eng\d
=FMT  \\$a  BK
=010  \\$a  2017461455
=020  \\$a9788929904838
=020  \\$a8929904831
=035  \\$a(OCoLC)1005955508
=040  \\$aLWU$beng$cDLC$dCNEAL$dXFF$dOCLCF$dLWU$dPAU$dUk$erda
=041  1\$aeng$bkor$mkor
=042  \\$aukblderived
=043  \\$aa-ko---
=050  00$aDS903$b.H374513 2017
=084  \\$a221.033$2njb/9
=130  0\$aHan'guk kogohak sajŏn.$lEnglish.
=245  10$aDictionary of Korean archaeology /$ctranslator: Park Hae Woon.
=250  \\$aEnglish edition, reprint.
=264  \1$aDaejeon, Korea :$bNational Research Institute of Cultural Heritage,$c2017.
=300  \\$a991 pages :$billustrations (some colour), colour maps ;$c26 cm
=336  \\$atext$btxt$2rdacontent
=337  \\$aunmediated$bn$2rdamedia
=338  \\$avolume$bnc$2rdacarrier
=500  \\$aTranslation of "Han'guk kogohak sajŏn" (Kungnip Munhwajae Yŏn'guso, 2001).
=500  \\$aReprints the first English edition published as an e-book in 2014. With updated preface.
=500  \\$a"Printing date: November 27, 2014; Publishing date: November 30, 2014; Reprinting date: June, 2017"--Colophon.
=504  \\$aIncludes bibliographical references (p. 852-957) and English, Korean and Chinese indexes.
=546  \\$aPreface also in Korean.
=651  \0$aKorea$xAntiquities$vDictionaries.
=650  \0$aExcavations (Archaeology)$zKorea$vDictionaries.
=650  \0$aArchaeology$zKorea$vDictionaries.
=650  \7$aAntiquities.$2fast$0(OCoLC)fst00810745
=650  \7$aArchaeology.$2fast$0(OCoLC)fst00812938
=650  \7$aExcavations (Archaeology)$2fast$0(OCoLC)fst00917564
=651  \7$aKorea.$2fast$0(OCoLC)fst01206434
=655  \7$aDictionaries.$2fast$0(OCoLC)fst01423826
=700  1\$aPak, Hae-un,$etranslator.
=710  2\$aKungnip Munhwajae Yŏn'guso (Korea).$bYujŏk Chosa Yŏn'gusil,$ecompiler.
=765  0\$tHan'guk kogohak sajŏn.$w(DLC)  2003453472$w(OCoLC)51556047$dSŏul-si : Kungnip Munhwajae Yŏn'guso, 2001$z9788955080254
=787  08$iReprints (manifestation):$tDictionary of Korean archaeology.$dDaejeon, Korea : National Research Institute of Cultural Heritage, 2017.$h1 online resource (991 pages).$z9788929904838
=852  11$aBritish Library$bOC$kOIL$h703.951
=CAT  \\$a14984$b40$c20171122$lBLL01$h0929
=CAT  \\$a7565$b40$c20171212$lBLL01$h1523
=CAT  \\$a7565$b40$c20171212$lBLL01$h1524
=FIN  \\$aY$d20171212
=SID  \\$aZ39$bOCLC
=LAS  \\$a7565$b40$c20171212$lBLL01$h1524

