=LDR  00695 am a22002413i 4500
=001  018622852
=003  Uk
=005  20171127122603.0
=008  171124s2015\\\\no\\\\\\\\\\\\00\\0\nor\d
=FMT  \\$a  BK
=020  \\$a9788282381093 (pbk.) :
=024  3\$a9788282381093
=035  \\$a(GyWOH)har165001734
=040  \\$aGyWOH$beng$cGyWOH
=100  1\$aSaevareid, Heidi.
=245  10$aSlipp hold$cHeidi Saevareid.
=260  \\$aBergen :$bMangschou,$c[2015].
=300  \\$a230 pages ;$c21 cm.
=500  \\$aJuvenile literature.
=852  41$aBritish Library$bDSC$cMUSIC
=CAT  \\$aBATCH-HARR$b00$c20171127$lBLL01$h1226
=SRC  \\$aHarrassowitz - Supplier
=LAS  \\$aBATCH-HARR$b00$c20171127$lBLL01$h1226

