=LDR  01652 em a2200445 i 4500
=001  018633070
=003  Uk
=005  20171205101406.0
=007  aj\canzn
=008  880926s1948\\\\njuj\\\\\\a\\\\\0\\\eng\d
=FMT  \\$a  MP
=034  1\$aa$b24000000$dE1760000$eW0060000$fN0840000$gN0080000
=035  \\$a(OCoLC)66899118
=040  \\$aEYM$beng$cEYM$dOCLCQ$dOCLCG$dOCLCF$dOCLCO$dOCLCQ$dUk$erda
=042  \\$aukblsr
=043  \\$an------
=052  \\$a3301
=082  04$a912.7$223
=100  1\$aLobeck, A. K.$q(Armin Kohl),$d1886-1958.
=245  10$aPhysiographic diagram of North America :$bminiature edition /$cby A.K. Lobeck.
=255  \\$aScale ca. 1:24,000,000$c(E 176°--W 6°/N 84°--N 8°).
=264  \1$aNew York :$bGeographical Press,$c1948.
=300  \\$a1 map ;$c38 x 27 cm
=336  \\$acartographic image$bcri$2rdacontent
=337  \\$aunmediated$bn$2rdamedia
=338  \\$asheet$bnb$2rdacarrier
=500  \\$aRelief shown by landform drawings.
=500  \\$aIncludes list : "The Physiographic Divisions of North America."
=500  \\$aInsets: Aleutian Islands -- Lesser Antilles.
=650  \0$aPhysical geography$zNorth America$vMaps.
=650  \0$aLandforms$zNorth America$vMaps.
=650  \7$aLandforms.$2fast$0(OCoLC)fst00991689
=650  \7$aPhysical geography.$2fast$0(OCoLC)fst01062647
=651  \7$aNorth America.$2fast$0(OCoLC)fst01242475
=655  \7$aMaps.$2fast$0(OCoLC)fst01423704
=710  2\$aColumbia University.$bGeographical Press.
=852  41$aBritish Library$bMAPS$iMaps X.12585.
=CAT  \\$a7914$b40$c20171205$lBLL01$h1014
=FIN  \\$aY$d20171205
=LAS  \\$a7914$b40$c20171205$lBLL01$h1014

