=LDR  01641ccm a2200469 a 4500
=001  018648568
=003  Uk
=005  20230223164226.0
=008  820311q19001982enksgu\\\d\\\\\n\\\\eng\d
=FMT  \\$a  MU
=028  22$a6330$bNovello, Ewer
=035  \\$a(OCoLC)8237812$z(OCoLC)1013391748
=040  \\$aTYC$beng$cTYC$dOCLCG$dOCLCQ$dOCLCF$dOCLCO$dOCLCQ$dRCE$dOCLCO$dUk
=041  1\$aeng$hger
=045  \\$aw4w7
=048  \\$bvn01$aka01
=050  \4$aM1620.F84$bH8
=082  04$a783.242$223
=100  1\$aFranz, Robert,$d1815-1892.
=240  10$aSongs.$kSelections
=245  10$aThirty songs, with pianoforte accompaniment /$ccomposed by Robert Franz ; the English version by Francis Hueffer.
=260  \\$aLondon :$bNovello, Ewer ;$aBoston :$bDitson,$c[19--]
=300  \\$a1 score (69 pages) ;$c28 cm.
=336  \\$anotated music$bntm$2rdacontent
=337  \\$aunmediated$bn$2rdamedia
=338  \\$avolume$bnc$2rdacarrier
=382  01$asinger$n1$apiano$n1$s2$2lcmpt
=490  1\$aAlbums of German song
=650  \0$aSongs with piano.
=650  \7$aSongs with piano.$2fast$0(OCoLC)fst01126224
=655  \7$aScores.$2fast$0(OCoLC)fst01692898
=655  \7$aSongs.$2fast$0(OCoLC)fst01726744
=700  1\$aHueffer, Francis,$d1845-1889.
=830  \0$aAlbums of German song.
=852  41$aBritish Library$bDSC$cMUSIC$hDON0819
=985  \\$aUpdated by MS generated file for WR2302-017
=CAT  \\$a8870$b40$c20171214$lBLL01$h1436
=CAT  \\$a8870$b40$c20171214$lBLL01$h1441
=CAT  \\$aW2302-0174$c20230223$lBLL01$h2018
=FIN  \\$aY$d20171214
=SID  \\$aZ39$bOCLC
=LAS  \\$aW2302-0174$b00$c20230223$lBLL01$h2018

