=LDR  02368 am a22006017i 4500
=001  019225641
=003  Uk
=005  20190128092240.0
=008  970808s1997\\\\bcca\\\\\b\\\\001\0\eng\c
=FMT  \\$a  BK
=015  \\$a979107652$2can
=015  \\$aC97-910765-2
=016  \\$a(AMICUS)000016907596
=020  \\$a0968248004
=020  \\$a9780968248003
=035  \\$a(OCoLC)37652716
=040  \\$aNLC$beng$cNLC$dYDXCP$dCNCGM$dOCLCF$dNLC$dOCLCO$dUWO$dUk
=043  \\$an-cn---
=050  14$aHD7255 .S77 1997
=055  01$aHD7255*
=055  \3$aHD7255$bS77 1997
=082  04$a658.3/0087$221
=084  \\$acci1icc$2lacc
=245  00$aStrategies for success :$bdisability management in the workplace /$c[executive editor, Wolfgang Zimmermann ; editors, Sylvia Riessner and Don Shrey].
=260  \\$a[Port Alberni, B.C.] :$bNational Institute of Disability Management and Research,$cc1997.
=300  \\$avii, 318 p. :$bill. ;$c23 cm.
=336  \\$atext$2rdacontent
=337  \\$aunmediated$2rdamedia
=338  \\$avolume$2rdacarrier
=504  \\$aIncludes bibliographical references.
=650  \0$aPeople with disabilities$xEmployment.
=650  \0$aVocational rehabilitation.
=650  \0$aPeople with disabilities$xEmployment$zCanada.
=650  \0$aVocational rehabilitation$zCanada.
=650  \6$aHandicapés$xTravail.
=650  \6$aRéadaptation professionnelle.
=650  \6$aHandicapés$xTravail$zCanada.
=650  \6$aRéadaptation professionnelle$zCanada.
=650  \7$aPeople with disabilities$xEmployment.$2fast$0(OCoLC)fst01057275
=650  \7$aVocational rehabilitation.$2fast$0(OCoLC)fst01168652
=651  \7$aCanada.$2fast$0(OCoLC)fst01204310
=690  7\$aManagement and Business Studies$2blcoll
=700  1\$aShrey, Donald E.$q(Donald Eugene),$d1948-
=700  1\$aRiessner, Sylvia.
=710  2\$aNational Institute of Disability Management and Research.
=776  08$iOnline version:$tStrategies for success.$w(OCoLC)729513554$dF[ort Alberni, B.C.] : National Institute of Disability Management and Research, ©1997
=852  41$aBritish Library$bHMNTS$mYA.2000.a.26377
=CAT  \\$a8250$b40$c20190128$lBLL01$h0919
=CAT  \\$a8250$b40$c20190128$lBLL01$h0922
=CAT  \\$aBATCH-MBS$c20190201$lBLL01$h2107
=FIN  \\$aY$d20190128
=SID  \\$aZ39$bOCLC
=LAS  \\$aBATCH-MBS$b00$c20190201$lBLL01$h2107

