=LDR  02599cam a2200457 i 4500
=001  019389788
=003  Uk
=005  20190603105307.0
=008  181129s2019\\\\ilu\\\\\\b\\\\001\0\eng\\
=FMT  \\$a  BK
=010  \\$a  2018055397
=020  \\$a9780838917152$q(paper : alk. paper)
=020  \\$z9780838918630 (epub)
=020  \\$z9780838918647 (pdf)
=020  \\$z9780838918654 (kindle)
=040  \\$aDLC$beng$cDLC$dUk$erda
=042  \\$aukblcatcopy
=043  \\$an-us---$an-cn---
=050  00$aZ678$b.L4725 2019
=082  00$a025.1$223
=245  00$aLibrary management 101 :$ba practical guide /$cedited by Lisa K. Hussey and Diane L. Velasquez.
=250  \\$aSecond edition.
=264  \1$aChicago :$bALA Editions,$c2019.
=300  \\$axiii, 298 pages ;$c26 cm
=336  \\$atext$btxt$2rdacontent
=337  \\$aunmediated$bn$2rdamedia
=338  \\$avolume$bnc$2rdacarrier
=504  \\$aIncludes bibliographical references and index.
=505  0\$aManagement Theory / Lisa K. Hussey -- Human Resources Management / Mónica Colón-Aguirre and Diane L. Velasquez -- Mentoring / Jennifer Campbell-Meier and Lisa K. Hussey -- Unions / Adriene Lim -- Customer Service / Lisa K. Hussey -- Strategic Planning / Mónica Colón-Aguirre and Mary Wilkins-Jordan -- Leadership / Mary Wilkins-Jordan and Lisa K. Hussey -- Decision Making / Lisa K. Hussey -- Organizational Communications / Lisa K. Hussey -- Change Management and Organizational Culture / Diane L. Velasquez and Lisa K. Hussey -- Marketing / Diane L. Velasquez -- Financial Management / Diane L. Velasquez -- Assessment and Evaluation / Jennifer Campbell-Meier -- Internal and External Environment / Diane L. Velasquez -- Ethics and Confidentiality / Diane L. Velasquez -- Conflict Negotiations & Mediation / Lisa K. Hussey -- Diversity / Lisa K. Hussey -- Facilities Management / Diane L. Velasquez -- Information Technology Management / Diane L. Velasquez -- Project Management / Diane L. Velasquez -- Grants and Grant Applications / Mónica Colón-Aguirre and Catherine Hakala-Ausperk -- Outsourcing / Heather L. Hill.
=530  \\$aAlso published electronically.
=650  \0$aLibrary administration$zUnited States.
=650  \0$aLibrary administration$zCanada.
=700  1\$aHussey, Lisa K.
=700  1\$aVelasquez, Diane.
=852  11$aBritish Library$bHMNTS$kHUR$h025.1
=CAT  \\$a9518$b40$c20190503$lBLL01$h1111
=CAT  \\$a11131$b40$c20190603$lBLL01$h1053
=CAT  \\$aW2308-1659$c20230923$lBLL01$h0939
=FIN  \\$aY$d20190603
=SRC  \\$aBLL02
=LAS  \\$aW2308-1659$b00$c20230923$lBLL01$h0939

