=LDR  01521pam a2200445 i 4500
=001  019393409
=003  Uk
=005  20190812155854.0
=008  190301s2019\\\\enka\\\\\b\\\|0|0|0|eng\d
=FMT  \\$a  BK
=010  \\$a2019005206
=015  \\$aGBB982832$2bnb
=016  7\$a019393409$2Uk
=020  \\$a9780749498948$qcased
=020  \\$a9780749488697$qpaperback
=020  \\$z9780749489021$qPDF ebook
=040  \\$aStDuBDS$beng$cStDuBDS$dUk$erda
=042  \\$aukblsr
=082  04$a658.404$223
=100  1\$aFielding Paul J.,$eauthor.
=245  10$aHow to manage projects :$bessential project management skills to deliver on-time, on-budget results /$cPaul J Fielding.
=264  \1$aLondon :$bKoganPage,$c2019.
=300  \\$avii, 238 pages :$billustrations (black and white) ;$c23 cm.
=336  \\$atext$2rdacontent
=337  \\$aunmediated$2rdamedia
=338  \\$avolume$2rdacarrier
=490  0\$aCreating success
=504  \\$aIncludes bibliographical references.
=530  \\$aAlso published electronically.
=500  \\$aFormerly CIP.$5Uk
=650  \0$aProject management.
=690  7\$aManagement and Business Studies$2blcoll
=776  08$iebook version :$z9780749489021
=852  11$aBritish Library$bSTI$cBIPC$kSBH.$kMNG.138
=CAT  \\$aBATCH-CIPN$b00$c20190507$lBLL01$h1724
=CAT  \\$a10904$b40$c20190806$lBLL01$h1118
=CAT  \\$a11014$b40$c20190812$lBLL01$h1558
=CAT  \\$aBATCH-MBS$c20190816$lBLL01$h2117
=FIN  \\$aY$d20190812
=LAS  \\$aBATCH-MBS$b00$c20190816$lBLL01$h2117

