=LDR  02201 am a2200553zi 4500
=001  019433618
=003  Uk
=005  20191115221645.0
=008  190405t20192019enk\\\\\\b\\\\001\0\eng\d
=FMT  \\$a  BK
=016  7\$a019433618$2Uk
=020  \\$a1903335817
=020  \\$a9781903335819$qpaperback
=035  \\$a(OCoLC)1091363935
=040  \\$aYDX$beng$cYDX$dESU$dOCLCO$dUk$dOCLCF$erda
=042  \\$aukblderived
=082  14$a362.40941
=100  1\$aGreaves, Ian,$d1961-$eauthor.
=245  10$aDisability rights handbook :$bApril 2019-April 2020 /$cby Ian Greaves.
=250  \\$a44th edition.
=264  \1$aLondon :$bDisability Rights UK,$c[2019]
=264  \4$c©2019
=300  \\$a328 pages ;$c30 cm
=336  \\$atext$btxt$2rdacontent
=337  \\$aunmediated$bn$2rdamedia
=338  \\$avolume$bnc$2rdacarrier
=500  \\$a"A guide to benefits and services for all disabled people, their families, carers and advisers"--Cover.
=504  \\$aIncludes bibliographical references and index.
=650  \0$aPeople with disabilities$xServices for$zGreat Britain$vHandbooks, manuals, etc.
=650  \0$aDisability insurance$zGreat Britain$vHandbooks, manuals, etc.
=650  \0$aPeople with disabilities$xLegal status, laws, etc.$zGreat Britain$vHandbooks, manuals, etc.
=650  \7$aDisability insurance.$2fast$0(OCoLC)fst01715806
=650  \7$aPeople with disabilities$xLegal status, laws, etc.$2fast$0(OCoLC)fst01057298
=650  \7$aPeople with disabilities$xServices for.$2fast$0(OCoLC)fst01057328
=651  \7$aGreat Britain.$2fast$0(OCoLC)fst01204623
=655  \7$aHandbooks and manuals.$2fast$0(OCoLC)fst01423877
=690  7\$aSocial Welfare$2blcoll
=710  2\$aDisability Rights UK.
=852  11$aBritish Library$bHMNTS$kOPL$h362.4
=CAT  \\$aBATCH-CMLD$b00$c20190608$lBLL01$h1735
=CAT  \\$aBATCH-UPD$b00$c20190608$lBLL01$h1736
=CAT  \\$aBATCH-016$c20190612$lBLL01$h2150
=CAT  \\$a11131$b40$c20191025$lBLL01$h0913
=CAT  \\$aBATCH-016$c20191030$lBLL01$h2149
=CAT  \\$aBATCH-SWP$c20191115$lBLL01$h2216
=FIN  \\$aY$d20191025
=SID  \\$aZ39$bOCLC
=SRC  \\$aNielsen Bookdata
=LAS  \\$aBATCH-SWP$b00$c20191115$lBLL01$h2216

