=LDR  03614 am a2200829 i 4500
=001  019516822
=003  Uk
=005  20190823134012.0
=008  180326s2019\\\\enkab\\\\b\\\\001\0\eng\d
=FMT  \\$a  BK
=015  \\$aGBB9E4330$2bnb
=016  7\$a019516822$2Uk
=020  \\$a9781474242752$q(hardcover :$qset)
=020  \\$a1474242758$q(hardcover :$qset)
=020  \\$a9781474242585$q(v. 1)
=020  \\$a1474242588$q(v. 1)
=020  \\$a9781474242592$q(v. 2)
=020  \\$a1474242596$q(v. 2)
=020  \\$a9781474242608$q(v. 3)
=020  \\$a147424260X$q(v. 3)
=020  \\$a9781474242622$q(v. 4)
=020  \\$a1474242626$q(v. 4)
=020  \\$a9781474242615$q(v. 5)
=020  \\$a1474242618$q(v. 5)
=020  \\$a9781474242639$q(v. 6)
=020  \\$a1474242634$q(v. 6)
=040  \\$aUk$beng$cUk$erda
=042  \\$aukblsr
=082  04$a306.2091713$223
=245  02$aA cultural history of Western empires /$cgeneral editor, Antoinette Burton.
=264  \1$aLondon :$bBloomsbury Academic,$c2019.
=264  \4$c©2019
=300  \\$a6 volumes :$billustrations (black and white), maps (black and white) ;$c26 cm
=336  \\$atext$2rdacontent
=336  \\$astill image$2rdacontent
=337  \\$aunmediated$2rdamedia
=338  \\$avolume$2rdacarrier
=505  0\$av. 1. A cultural history of Western empires in antiquity /edited by Carlos F. Noren̋a -- v. 2. A cultural history of Western empires in the Middle Ages / edited by Matthew Gabriele -- v. 3. A cultural history of Western empires in the Renaissance / edited by Ania Loomba -- v. 4. A cultural history of Western empires in the Age of Enlightenment /edited by Ian Coller -- v. 5. A cultural history of Western empires in the Age of Empire /edited by Kirsten McKenzie -- v. 6. A cultural history of Western empires in the Modern Age /edited by Patricia M.E. Lorcin.
=504  \\$aIncludes bibliographical references and indexes.
=650  \0$aImperialism$xHistory.
=650  \0$aWestern civilization.
=651  \0$aEurope$xColonies$xHistory.
=650  \7$aCivilization.$2fast$0(OCoLC)fst00862898
=650  \7$aImperialism.$2fast$0(OCoLC)fst00968126
=655  \7$aHistory.$2fast$0(OCoLC)fst01411628
=740  02$aCultural history of Western empires in antiquity.
=740  02$aCultural history of Western empires in the Middle Ages.
=740  02$aCultural history of Western empires in the Renaissance.
=740  02$aCultural history of Western empires in the Age of Enlightenment.
=740  02$aCultural history of Western empires in the Age of Empire.
=740  02$aCultural history of Western empires in the Modern Age.
=700  1\$aBurton, Antoinette M.,$d1961-$eeditor.
=700  1\$aNoreña, Carlos F.,$eeditor.
=700  1\$aGabriele, Matthew,$eeditor.
=700  1\$aLoomba, Ania,$eeditor.
=700  1\$aColler, Ian,$d1968-$eeditor.
=700  1\$aMcKenzie, Kirsten,$eeditor.
=700  1\$aLorcin, Patricia M. E.,$eeditor.
=852  11$aBritish Library$bHMNTS$kHLR$h909.09
=852  11$aBritish Library$bHMNTS$kHLR$h909.09
=852  11$aBritish Library$bHMNTS$kHLR$h909.09$ivol. 3
=852  11$aBritish Library$bHMNTS$kHLR$h909.09$ivol. 4
=852  11$aBritish Library$bHMNTS$kHLR$h909.09$ivol. 5
=852  11$aBritish Library$bHMNTS$kHLR$h909.09$ivol. 6
=CAT  \\$a11070$b40$c20190822$lBLL01$h1429
=CAT  \\$a11070$b40$c20190822$lBLL01$h1542
=CAT  \\$a11070$b40$c20190823$lBLL01$h1340
=CAT  \\$aBATCH-016$c20190828$lBLL01$h2154
=FIN  \\$aY$d20190822
=LDO  \\$d1/3794158
=SID  \\$aZ39$bOCLC
=LAS  \\$aBATCH-016$b00$c20190828$lBLL01$h2154

