=LDR  03338cam a2200481 i 4500
=001  019663649
=003  Uk
=005  20200217103043.0
=008  191120s2020\\\\ilua\\\\\b\\\|0|1\0|eng\\
=FMT  \\$a  BK
=010  \\$a  2019955025
=020  \\$a9780838989357$qpaperback
=020  \\$z9780838989364$qpdf
=040  \\$aDLC$beng$cDLC$dUk$erda
=042  \\$apcc$aukblsr
=082  04$a020.19$223
=100  1\$aOwens, Tammi M.,$eauthor.
=245  14$aThe 360 librarian :$ba framework for integrating mindfulness, emotional intelligence, and critical reflection in the workplace /$cTammi M. Owens and Carol A. Daul-Elhindi.
=246  13$aThree hundred sixty librarian
=264  \1$aChicago, Illinois :$bAssociation of College and Research Libraries, a division of the American Library Association,$c2020.
=300  \\$aviii, 155 pages :$b1 illustration (black and white) ;$c23 cm
=336  \\$atext$btxt$2rdacontent
=337  \\$aunmediated$bn$2rdamedia
=338  \\$avolume$bnc$2rdacarrier
=504  \\$aIncludes bibliographical references and index.
=520  \\$a"Finding enjoyment and creating meaning in your work can be difficult in an academic library with its multifaceted challenges. We have to understand the official and unofficial mission of the library and the organization of which it is a part, maneuver within the political landscape, mesh with colleagues' personalities and roles, and most important, learn how to do our job well. The 360 Librarian describes a framework for practicing critically reflective librarianship with mindfulness and emotional intelligence. It can help us become more purposeful in our daily interactions with students, faculty, and staff, and create pathways to authentic engagement. An engaged library practice consists of continual give-and-take, careful assessment of others and oneself, and full-circle situational awareness. The framework details five steps: 1. Mindful Practice 2. Emotional Awareness 3. Engaged Communication 4. Empathetic Reflection and Action 5. Reassurance Each step includes practical activities for our minds, bodies, and spirits to enhance and practice each skill, as well as case studies and practical essays from librarians and educators in universities around the country. The tools detailed in The 360 Librarian can help us acknowledge what is happening in the moment, respond with empathy and compassion, engage in positive practices to engender change, and fully honor our commitment to our students and to the profession"--$cProvided by publisher.
=530  \\$aAlso available online.
=650  \0$aAcademic librarians$xPsychology.
=650  \0$aAcademic librarians$xAttitudes.
=650  \0$aEmotional intelligence.
=650  \0$aCommunication in library science.
=650  \0$aAcademic libraries$xAims and objectives.
=650  \0$aAcademic libraries$xRelations with faculty and curriculum.
=650  \0$aCareer development.
=700  1\$aDaul-Elhindi, Carol A.,$eauthor.
=710  2\$aAssociation of College and Research Libraries,$epublisher.
=852  11$aBritish Library$bHMNTS$kHUR$h020.19
=CAT  \\$a9518$b40$c20200107$lBLL01$h1116
=CAT  \\$a8964$b40$c20200217$lBLL01$h1030
=CAT  \\$aW2308-1659$c20230923$lBLL01$h0943
=FIN  \\$aY$d20200217
=SID  \\$aZ39$bLOC
=LAS  \\$aW2308-1659$b00$c20230923$lBLL01$h0943

