=LDR  02369pam a2200529 i 4500
=001  019782350
=003  Uk
=005  20210101220216.0
=008  190419t20202020njua\\\\\\\\\\001\0\eng\d
=FMT  \\$a  BK
=015  \\$aGBC053325$2bnb
=016  7\$a019782350$2Uk
=020  \\$a9781119612131 (pbk.) :$c£20.99
=020  \\$z9781119612162 (ePub ebook) :$c£20.99
=020  \\$z9781119612179 (PDF ebook) :$c£20.99
=040  \\$aStDuBDS$beng$cStDuBDS$dUk$erda
=042  \\$aukblcatcopy
=050  \4$aHF5415$b.A24 2020
=082  04$a658.8$223
=100  1\$aAdhiya, Anuj,$eauthor.
=245  10$aGrowth hacking for dummies /$cby Anuj Adhiya.
=264  \1$aHoboken, New Jersey :$bJohn Wiley & Sons, Inc.,$c[2020]
=264  \4$c©2020
=300  \\$axi, 232 pages :$billustrations ;$c24 cm.
=336  \\$atext$btxt$2rdacontent
=337  \\$aunmediated$bn$2rdamedia
=338  \\$avolume$bnc$2rdacarrier
=490  1\$aFor dummies.
=500  \\$aIncludes index.
=520  \\$a"Growth Hacking for Dummies provides a blueprint for building the machine from the ground-up, whether you're a fledgling organization looking for ways to outperform big budgets and research teams, or an established business wanting to apply emerging techniques to your process. Written by a growth thought leader who learned from the original growth hacking gurus, you'll soon be an expert in the tech world innovations that make this the proven route to the big time: iteration, constant testing, agile approaches, and flexible responses to your customers' evolving needs."--From publisher's description.
=500  \\$aFormerly CIP.$5Uk
=650  \0$aMarketing.
=650  \0$aIndustrial management.
=650  \0$aCorporations$xGrowth.
=650  \7$aCorporations$xGrowth.$2fast$0(OCoLC)fst00879875
=650  \7$aIndustrial management.$2fast$0(OCoLC)fst00971246
=650  \7$aMarketing.$2fast$0(OCoLC)fst01010167
=690  7\$aManagement and Business Studies$2blcoll
=776  08$iebook version :$z9781119612162
=830  \0$a--For dummies.
=852  11$aBritish Library$bSTI$cBIPC$kSBH.$mMNG.157
=CAT  \\$aBATCH-CIPN$b00$c20200505$lBLL01$h1700
=CAT  \\$a11002$b40$c20201216$lBLL01$h0910
=CAT  \\$a7416$b40$c20201217$lBLL01$h1148
=CAT  \\$aBATCH-MBS$c20210101$lBLL01$h2202
=FIN  \\$aY$d20201216
=LAS  \\$aBATCH-MBS$b00$c20210101$lBLL01$h2202

