=LDR  01231 am a22003618i 4500
=001  019806155
=003  Uk
=005  20210514212737.0
=008  200528r20202017mdu\\\\\\\\\\\000|0|eng|d
=FMT  \\$a  BK
=015  \\$aGBC064956$2bnb
=020  \\$a9781538139417 (pbk.) :$c£13.95
=040  \\$aStDuBDS$beng$cStDuBDS$erda
=082  04$a658.11$223
=100  1\$aHarris, Maxine,$eauthor.
=245  10$aLessons for nonprofit and start-up leaders :$btales from a reluctant CEO /$cMaxine Harris, Michael B. O'Leary.
=263  \\$a202005
=264  \1$aLanham :$bRowman & Littlefield Publishers,$c2020.
=300  \\$a1 volume ;$c22 cm
=336  \\$atext$2rdacontent
=337  \\$aunmediated$2rdamedia
=338  \\$avolume$2rdacarrier
=500  \\$aOriginally published: 2017.
=650  \0$aNew business enterprises.
=690  7\$aManagement and Business Studies$2blcoll
=700  1\$aO'Leary, Michael B.,$d1969-$eauthor.
=852  11$aBritish Library$bSTI$cBIPC
=CAT  \\$aBATCH-CIPN$b00$c20200609$lBLL01$h1701
=CAT  \\$aBATCH-016$c20210421$lBLL01$h2152
=CAT  \\$a11056$b40$c20210505$lBLL01$h0754
=CAT  \\$aBATCH-MBS$c20210514$lBLL01$h2127
=FIN  \\$aY$d20210505
=LAS  \\$aBATCH-MBS$b00$c20210514$lBLL01$h2127

