=LDR  00989 cm a22002893i 4500
=001  019969092
=003  Uk
=005  20201005112529.0
=008  201003s2019\\\\gw\\\z\\\\\\\\\\\\\\\\\\d
=FMT  \\$a  MU
=035  \\$a(GyWOH)har195016879
=040  \\$aGyWOH$beng$cGyWOH
=100  1\$aPhalèse, Pierre,$dapproximately 1510-
=245  10$aCarminum pro Testitudine :$bLiber IV : 1546 /$cPierre Phalese.
=264  \1$aLübeck :$bTree Edition,$c2019.
=300  \\$a1 score (45 pages) ;$c30 cm
=336  \\$anotated music$bntm$2rdacontent
=337  \\$aunmediated$bn$2rdamedia
=338  \\$avolume$bnc$2rdacarrier
=500  \\$aFantasies and dances for lute.
=500  \\$aReprint of the edition: Louvain : Phalese, 1546.
=500  \\$aFrench tablature notation.
=852  41$aBritish Library$bDSC$cMUSIC
=CAT  \\$aBATCH-HARR$b00$c20201005$lBLL01$h1125
=CAT  \\$aBATCH-UPD$b00$c20201005$lBLL01$h1125
=SRC  \\$aHarrassowitz - Supplier
=LAS  \\$aBATCH-UPD$b00$c20201005$lBLL01$h1125

