=LDR  01787 am a2200469 i 4500
=001  019971067
=003  Uk
=005  20210514212739.0
=008  200916s2020\\\\enka\\\\\b\\\|0|1\0|eng\\
=FMT  \\$a  BK
=010  \\$a2020948671
=015  \\$aGBC0F4291$2bnb
=016  7\$a019971067$2Uk
=020  \\$a9781839103063$qcased$c£75.00
=020  \\$a9781839103087$qpaperback$c£25.95
=020  \\$z9781839103070$qeBook
=024  7\$z10.4337/9781839103070$2doi
=040  \\$aStDuBDS$beng$cStDuBDS$dUk$erda
=042  \\$aukblsr
=082  04$a338.941$223
=100  1\$aMinford, Patrick,$eauthor.
=245  10$aAfter Brexit, what next? :$btrade, regulation and economic growth /$cPatrick Minford with David Meenagh.
=264  \1$aCheltenham, UK :$bEdward Elgar Publishing,$c[2020]
=300  \\$avi, 173 pages :$billustrations (black and white) ;$c22 cm
=336  \\$atext$2rdacontent
=337  \\$aunmediated$2rdamedia
=338  \\$avolume$2rdacarrier
=500  \\$a"In association with the Institute of Economic Affairs."
=504  \\$aIncludes bibliographical references and index.
=530  \\$aAlso available online.
=651  \0$aGreat Britain$xEconomic policy$y1997-
=651  \0$aGreat Britain$xForeign economic relations$zEuropean Union countries.
=651  \0$aEuropean Union countries$xForeign economic relations$zGreat Britain.
=690  7\$aManagement and Business Studies$2blcoll
=700  1\$aMeenagh, David,$eauthor.
=710  2\$aInstitute of Economic Affairs (Great Britain)
=852  11$aBritish Library$bSTI$cBIPC$kSBH.$kODHR.153
=CAT  \\$aBATCH-CIPN$b00$c20201006$lBLL01$h1701
=CAT  \\$a8964$b40$c20210507$lBLL01$h1038
=CAT  \\$aBATCH-MBS$c20210514$lBLL01$h2127
=FIN  \\$aY$d20210507
=LAS  \\$aBATCH-MBS$b00$c20210514$lBLL01$h2127

