=LDR  01626 am a2200433 i 4500
=001  019974883
=003  Uk
=005  20201013081532.0
=008  201008s2019\\\\enka\\\\\b\\\\0|1\0|eng\\
=FMT  \\$a  BK
=015  \\$aGBC0F7334$2bnb
=020  \\$a9781474253963$qhardback
=020  \\$z9781474254113$qset
=040  \\$aUk$beng$cUk$erda
=042  \\$aukblsr
=082  04$a792.02330922$223
=245  04$aThe great European stage directors.$nVolume 4,$pReinhardt, Jessner, Barker /$cedited by Michael Patterson ; Series Editor: Simon Shepherd.
=264  \1$aLondon :$bMethuen Drama,$c2019.
=300  \\$axii, 203 pages :$billustrations (black and white) ;$c24 cm
=336  \\$atext$2rdacontent
=337  \\$aunmediated$2rdamedia
=338  \\$avolume$2rdacarrier
=504  \\$aIncludes bibliographical references and indexes.
=600  10$aReinhardt, Max,$d1873-1943.
=600  10$aJessner, Leopold,$d1878-1945.
=600  10$aGranville-Barker, Harley,$d1877-1946.
=650  \0$aTheatrical producers and directors$zEurope$vBiography.
=650  \0$aTheater$xProduction and direction$zEurope$xHistory$y20th century.
=650  \0$aTheater$zEurope$xHistory$y20th century.
=700  1\$aPatterson, Michael,$eeditor.
=852  11$aBritish Library$bHMNTS$kHLR$h792.023
=CAT  \\$a9671$b40$c20201008$lBLL01$h1126
=CAT  \\$a9671$b40$c20201008$lBLL01$h1127
=CAT  \\$a9671$b40$c20201008$lBLL01$h1135
=CAT  \\$a11070$b40$c20201008$lBLL01$h1430
=CAT  \\$a11070$b40$c20201008$lBLL01$h1431
=CAT  \\$a9671$b40$c20201013$lBLL01$h0815
=FIN  \\$aY$d20201008
=LAS  \\$a9671$b40$c20201013$lBLL01$h0815

