=LDR  01557cam a2200457 i 4500
=001  019976350
=003  Uk
=005  20201204215343.0
=008  190211s2020\\\\gw\a\\\\\b\\\\001\0\eng\d
=FMT  \\$a  BK
=010  \\$a2020935441
=020  \\$a9783110590227$qhardback
=020  \\$a3110590220$qhardback
=020  \\$z9783110593044$qPDF
=020  \\$a9783110590357$qEPUB
=024  7\$z10.1515/9783110593044$2doi
=035  \\$a(OCoLC)1085164811
=040  \\$aYDX$beng$cYDX$dOCLCQ$dUk
=042  \\$aukblsr
=082  04$a658$223
=100  1\$aPowell, Timothy W.,$eauthor.
=245  14$aThe value of knowledge :$bthe economics of enterprise knowledge and intelligence /$cTimothy Wood Powell.
=264  \1$aBerlin :$bDE GRUYTER,$c[2020]
=300  \\$axviii, 240 pages :$billustrations (black and white) ;$c24 cm.
=336  \\$atext$2rdacontent
=337  \\$aunmediated$2rdamedia
=338  \\$avolume$2rdacarrier
=490  0\$aKnowledge series,$x2625-6126
=530  \\$aAlso available electronically.
=504  \\$aIncludes bibliographical references and index.
=650  \0$aIndustrial management.
=690  7\$aManagement and Business Studies$2blcoll
=852  11$aBritish Library$bHMNTS$kHUR$h020
=CAT  \\$a15184$b40$c20201012$lBLL01$h1837
=CAT  \\$aBATCH-UPD$b40$c20201012$lBLL01$h1838
=CAT  \\$a5751$b40$c20201119$lBLL01$h1438
=CAT  \\$aBATCH-MBS$c20201204$lBLL01$h2153
=CAT  \\$aW2308-1659$c20230923$lBLL01$h0946
=FIN  \\$aY$d20201119
=SID  \\$aZ39$bOCLC
=LAS  \\$aW2308-1659$b00$c20230923$lBLL01$h0946

