=LDR  01418pam a22004211i 4500
=001  019997856
=003  Uk
=005  20211029213422.0
=008  200901r20182018enka\\\\\b\\\\001|0|eng|d
=FMT  \\$a  BK
=015  \\$aGBC0H0535$2bnb
=016  7\$a019997856$2Uk
=020  \\$a9781398693715 :$q(hbk.)$c£60.00
=020  \\$z9780749481865 (eisbn)
=040  \\$aStDuBDS$beng$cStDuBDS$dUk$erda
=042  \\$aukblcatcopy
=082  04$a658.804$223
=100  10$aHague, Paul N.,$eauthor.
=245  10$aB2B customer experience :$ba practical guide to delivering exceptional CX /$cPaul Hague, Nicholas Hague.
=264  \1$aLondon :$bKoganPage,$c2018.
=300  \\$axviii, 226 pages :$billustrations ;$c24 cm
=336  \\$atext$2rdacontent
=337  \\$aunmediated$2rdamedia
=338  \\$avolume$2rdacarrier
=530  \\$aAlso published electronically.
=500  \\$aOriginally published: 2018.
=504  \\$aIncludes bibliographical references and index.
=500  \\$aFormerly CIP.$5Uk
=650  \0$aIndustrial marketing.
=690  7\$aManagement and Business Studies$2blcoll
=700  1\$aHague, Nick,$d1974-$eauthor.
=852  11$aBritish Library$bSTI$cBIPC
=BUF  \\$aY$d20211021
=CAT  \\$aBATCH-CIPN$b00$c20201103$lBLL01$h1701
=CAT  \\$a11131$b40$c20211021$lBLL01$h0901
=CAT  \\$aBATCH-MBS$c20211029$lBLL01$h2134
=FIN  \\$aY$d20211021
=LAS  \\$aBATCH-MBS$b00$c20211029$lBLL01$h2134

