=LDR  01589pam a22004451i 4500
=001  019997890
=003  Uk
=005  20211029213422.0
=008  200901r20212015enka\\\\\b\\\\001|0|eng|d
=FMT  \\$a  BK
=015  \\$aGBC0H0569$2bnb
=016  7\$a019997890$2Uk
=020  \\$a9781398696013 :$q(hbk.)$cNo price
=020  \\$z9780749473082 (eisbn)
=040  \\$aStDuBDS$beng$cStDuBDS$dUk$erda
=042  \\$aukblcatcopy
=082  04$a658.406$223
=245  04$aThe effective change manager's handbook :$bessential guidance to the change management body of knowledge /$cedited by Richard Smith, David King, Ranjit Sidhu, Dan Skelsey.
=264  \1$aLondon :$bKoganPage,$c2021.
=300  \\$axxix, 598 pages :$billustrations ;$c25 cm
=336  \\$atext$2rdacontent
=337  \\$aunmediated$2rdamedia
=338  \\$avolume$2rdacarrier
=530  \\$aAlso published electronically.
=500  \\$aOriginally published: 2015.
=504  \\$aIncludes bibliographical references and index.
=500  \\$aFormerly CIP.$5Uk
=650  \0$aOrganizational change$xManagement.
=690  7\$aManagement and Business Studies$2blcoll
=700  1\$aSmith, Richard,$d1953 December 29-$eeditor.
=700  1\$aKing, David,$eeditor.
=700  1\$aSidhu, Ranjit,$eeditor.
=700  1\$aSkelsey, Dan,$eeditor.
=852  11$aBritish Library$bSTI$cBIPC
=BUF  \\$aY$d20211021
=CAT  \\$aBATCH-CIPN$b00$c20201103$lBLL01$h1701
=CAT  \\$a11131$b40$c20211021$lBLL01$h0851
=CAT  \\$aBATCH-MBS$c20211029$lBLL01$h2134
=FIN  \\$aY$d20211021
=LAS  \\$aBATCH-MBS$b00$c20211029$lBLL01$h2134

