=LDR  01402pam a22004211i 4500
=001  019997898
=003  Uk
=005  20211001211734.0
=008  200901s2010\\\\enk\\\\\\b\\\\001|0|eng|d
=FMT  \\$a  BK
=015  \\$aGBC0H0577$2bnb
=016  7\$a019997898$2Uk
=020  \\$a9781398698253 :$c£50.00$q(hbk.)
=020  \\$z9780749461102 (eisbn)
=040  \\$aStDuBDS$beng$cStDuBDS$dUk$erda
=042  \\$aukblcatcopy
=082  04$a658.4012$223
=100  10$aWootton, Simon,$eauthor.
=245  10$aStrategic thinking :$ba nine step approach to strategy and leadership for managers and marketers /$cSimon Wootton & Terry Horne.
=250  \\$aThird edition.
=264  \1$aLondon :$bKoganPage,$c2010.
=300  \\$aix, 150 pages ;$c24 cm
=336  \\$atext$2rdacontent
=337  \\$aunmediated$2rdamedia
=338  \\$avolume$2rdacarrier
=530  \\$aAlso published electronically.
=504  \\$aIncludes bibliographical references and index.
=500  \\$aFormerly CIP.$5Uk
=650  \0$aStrategic planning.
=690  7\$aManagement and Business Studies$2blcoll
=700  1\$aHorne, Terry,$eauthor.
=852  11$aBritish Library$bSTI$cBIPC
=BUF  \\$aY$d20210927
=CAT  \\$aBATCH-CIPN$b00$c20201103$lBLL01$h1701
=CAT  \\$a11131$b40$c20210927$lBLL01$h1142
=CAT  \\$aBATCH-MBS$c20211001$lBLL01$h2117
=FIN  \\$aY$d20210927
=LAS  \\$aBATCH-MBS$b00$c20211001$lBLL01$h2117

