=LDR  02040 am a2200421 i 4500
=001  020224137
=003  Uk
=005  20210616092516.0
=008  210615s1821\\\\it\\\\\\\\\\\\000\0\ita\\
=FMT  \\$a  BK
=040  \\$aUk$beng$cUk$erda
=042  \\$aukblsr
=082  04$a782.10268$223
=100  1\$aRossi, Gaetano,$d1774-1855,$eauthor.
=245  10$aCelanira :$bmelodramma serio in due atti : da rappresentarsi nel Ducale Teatro di Parma il carnevale dell'anno 1821 /$c[la musica è del signor Maestro Stefano Pavesi].
=264  \1$aParma :$bdalla stamperia Carmignani,$cMDCCCXXI [1821]
=300  \\$a46 pages ;$c17 cm
=336  \\$atext$2rdacontent
=337  \\$aunmediated$2rdamedia
=338  \\$avolume$2rdacarrier
=500  \\$aOriginal Italian libretto written by Gaetano Rossi. First performance: Venezia, Teatro San Benedetto, 27 May 1815.
=500  \\$aPerformance: Parma, Teatro Ducale, 14 February 1821.
=500  \\$aComposer's name from page 7; librettist's name from Grove online.
=500  \\$aWith a cast list on pages 7-9.
=500  \\$aDedication to 'Maria Luigia, duchessa di Parma, Piacenza e Guastalla' dated 14 February 1821--pages 3-5.
=511  1\$aEmilia Bonini (Celanira), Francesco Gramacini (Valmiro), Giovanni Tiraboschi (Illisca), Teresa Lippi (Ordalia), Rosa Mariani (Oliviero), Giuseppe Passanti (Teobaldo).
=511  0\$aFerdinando Melchiorri, first violin and conductor ; Ferdinando Simonis, harpsichord ; and others.
=650  \0$aOperas$vLibrettos$y19th century.
=700  0\$aMarie Louise,$cEmpress, consort of Napoleon I, Emperor of the French,$d1791-1847,$ededicatee.
=700  12$iLibretto for (work):$aPavesi, Stefano,$d1779-1850.$tCelanira.
=710  2\$aTeatro regio (Parma, Italy)
=752  \\$aItaly$dParma.
=852  41$aBritish Library$bHMNTS$mNot yet available
=CAT  \\$a14843$b40$c20210615$lBLL01$h1515
=CAT  \\$a14843$b40$c20210615$lBLL01$h1519
=CAT  \\$a14843$b40$c20210616$lBLL01$h0925
=FIN  \\$aY$d20210615
=LAS  \\$a14843$b40$c20210616$lBLL01$h0925

