=LDR  01982cam a2200457 i 4500
=001  020227506
=003  Uk
=005  20220708154020.0
=008  081003s2008\\\\ii\a\\\\\b\\\\001\0\engo\
=FMT  \\$a  BK
=010  \\$a  2008325662
=020  \\$a9788186419625
=020  \\$a8186419624
=025  \\$aI-Tib-2008-325662; 21
=040  \\$aDLC$cDLC$dDLC
=041  1\$aeng$atib$htib
=042  \\$alcode
=043  \\$aa-cc-ti
=050  00$aR127.5$b.G89513 2008
=100  0\$aGʹyu-thog Yon-tan-mgon-po,$eauthor.
=240  10$aRgyud-bzhi.$kSelections.$lEnglish & Tibetan
=245  14$aThe Basic tantra and the Explanatory tantra from the Secret quintessential instructions on the eight branches of the ambrosia essence tantra /$cby Yuthog Yonten Gonpo ; translated into English by Translation Department, Men-Tsee-Khang, Dharamasla.
=246  14$aBdud rtsi sñiṅ po yan lag brgyad pa gsaṅ ba man ṅag gi rgyud las Rtsa baʾi rgyud daṅ Bśad paʾi rgyud ces bya ba bźugs so
=246  18$aBasic tantra and explanatory tantra of Tibetan medicine
=250  \\$a1st ed.
=260  \\$aDharamsala :$bMen-Tsee-Khang,$c2008.
=300  \\$axix, 375 p. :$b1 col. ill. ;$c25 cm.
=546  \\$aIn Tibetan and English.
=520  \\$aCommentaries on Rtsa rgyud and Bśad rgyud of the four fundamental Tibetan medicinal treatises.
=504  \\$aIncludes bibliographical references (p. 369-370) and index.
=630  00$aRgyud-bzhi.$pRtsa rgyud$xCriticism, interpretation, etc.
=630  00$aRgyud-bzhi.$pBshad rgyud$xCriticism, interpretation, etc.
=650  \0$aMedicine, Tibetan$vEarly works to 1800.
=730  02$aRgyud-bzhi.$pRtsa rgyud$lEnglish & Tibetan.
=730  02$aRgyud-bzhi.$pBshad rgyud.$lEnglish & Tibetan.
=710  2\$aBod Gzhung Dbus Sman-rtsis-khang (Dharmsāla, India)
=852  \\$xdeleted
=CAT  \\$a10503$b40$c20210616$lBLL01$h0842
=CAT  \\$a14760$b40$c20220708$lBLL01$h1540
=SRC  \\$aBLL02
=LAS  \\$a14760$b40$c20220708$lBLL01$h1540

