=LDR  00871 am a2200265 i 4500
=001  020325469
=003  Uk
=005  20210916094225.0
=008  210913s1974\\\\sw\\\\\\\\\\\|0|0\p|alb\\
=FMT  \\$a  BK
=040  \\$aUk$beng$cUk$erda
=042  \\$aukblsr
=100  1\$aRexha-Bala, Kosovë,$d1929-$eauthor.
=245  10$aKronika poetike :$be nji shpirti të ndezun /$cKosovë Rexha-Bala.
=264  \1$aGöteborg :$bStruves Boktryckeri AB,$c1974.
=300  \\$a79 pages ;$c22 cm
=336  \\$atext$2rdacontent
=337  \\$aunmediated$2rdamedia
=338  \\$avolume$2rdacarrier
=655  \7$aPoetry.$2fast$0(OCoLC)fst01423828
=852  41$aBritish Library$bHMNTS$qCopy mutilated; includes pencil annotations.
=CAT  \\$a10039$b40$c20210913$lBLL01$h1613
=CAT  \\$a10039$b40$c20210916$lBLL01$h0942
=FIN  \\$aY$d20210916
=LAS  \\$a10039$b40$c20210916$lBLL01$h0942

