=LDR  01273cam a22003254i 4500
=001  020325857
=003  Uk
=005  20210914152321.0
=008  190517s1947\\\\xr\a\\\j\\\\\\000\1\cze\d
=FMT  \\$a  BK
=035  \\$a(OCoLC)1101672825
=040  \\$aIUL$beng$cIUL$dOCL$dOCLCO$dUk$erda
=100  1\$aKönigsmarková, Nina.
=245  10$aCvrček dobrák /$c[Nina Königsmarková, H.M. Kučera].
=264  \1$aPraha :$b[Vladimír Neubert],$c1947.
=300  \\$a29 pages, 1 unnumbered page, 9 unnumbered plates :$billustrations (some color) ;$c25 cm
=336  \\$atext$btxt$2rdacontent
=337  \\$aunmediated$bn$2rdamedia
=338  \\$avolume$bnc$2rdacarrier
=500  \\$a"Ilustroval Jan (sic!) Kučera" -- Colophon.
=650  \0$aChildren's literature, Czech.
=650  \7$aChildren's literature, Czech.$2fast$0(OCoLC)fst00855958
=655  \7$aFiction.$2fast$0(OCoLC)fst01423787
=655  \7$aJuvenile works.$2fast$0(OCoLC)fst01411637
=700  1\$aKučera, H.M.,$eillustrator.
=852  41$aBritish Library$bHMNTS$qCopy at XXXX. Mutilated: Some pages are coloured. Probably, by a child.
=CAT  \\$a11937$b40$c20210914$lBLL01$h1523
=CAT  \\$aW2308-1659$c20230923$lBLL01$h0948
=FIN  \\$aY$d20210914
=LAS  \\$aW2308-1659$b00$c20230923$lBLL01$h0948

