=LDR  02255cam a22005174i 4500
=001  020328860
=003  Uk
=005  20210914175949.0
=008  890309m19831987cs\ae\\\\b\\\\000\0\cze\d
=FMT  \\$a  BK
=035  \\$a(OCoLC)25016826
=040  \\$aHLS$beng$cHLS$dOCL$dOCLCQ$dOCLCF$dOCLCO$dOCLCQ$dOCL$dOCLCA$dUk
=100  1\$aMixa, Miroslav.
=245  10$aStarosti s papírovými penězi ČSR za 2. světové války /$cMiroslav Mixa.
=260  \\$aV Hradci Králové :$bČeská numismatická společnost,$c1983-1987.
=300  \\$a2 volumes :$billustrations
=336  \\$atext$btxt$2rdacontent
=337  \\$aunmediated$bn$2rdamedia
=338  \\$avolume$bnc$2rdacarrier
=500  \\$aSummary in English, German and Russian.
=504  \\$aIncludes bibliographical references (v. 1., page 127; v.2, p. 191).
=505  1\$aDíl 1. "Poukázky 1944" a různá měnová opatření -- Díl 2.Československé státovky a bankovky "londýnské emise."
=650  \0$aMoney$zCzechoslovakia$xHistory$y20th century.
=650  \0$aMilitary currency$zCzechoslovakia.
=650  \0$aOccupation currency$zCzechoslovakia.
=650  \0$aBounties, Military$zCzechoslovakia.
=650  \0$aCurrency question$zCzechoslovakia.
=650  \0$aHomestead law$zCzechoslovakia.
=650  \0$aSecurities$zCzechoslovakia.
=650  \0$aTokens$zCzechoslovakia.
=650  \7$aBounties, Military.$2fast$0(OCoLC)fst00837136
=650  \7$aCurrency question.$2fast$0(OCoLC)fst00885329
=650  \7$aHomestead law.$2fast$0(OCoLC)fst00959649
=650  \7$aMilitary currency.$2fast$0(OCoLC)fst01021070
=650  \7$aMoney.$2fast$0(OCoLC)fst01025265
=650  \7$aOccupation currency.$2fast$0(OCoLC)fst01043163
=650  \7$aSecurities.$2fast$0(OCoLC)fst01110743
=650  \7$aTokens.$2fast$0(OCoLC)fst01152195
=651  \7$aCzechoslovakia.$2fast$0(OCoLC)fst01212490
=648  \7$a1900-1999$2fast
=655  \7$aHistory.$2fast$0(OCoLC)fst01411628
=852  41$aBritish Library$bHMNTS$qCopy at XXXX. Imperfect: pp. 130-131, 134-135, 138-139, 142-143 are not printed.
=CAT  \\$a11937$b40$c20210914$lBLL01$h1759
=CAT  \\$aW2308-1659$c20230923$lBLL01$h0948
=FIN  \\$aY$d20210914
=LAS  \\$aW2308-1659$b00$c20230923$lBLL01$h0948

