=LDR  02226cam a2200361 i 4500
=001  020329281
=003  Uk
=005  20220111092213.0
=008  210915q17851801enka\\\\\\\\\\000\0\eng\\
=FMT  \\$a  BK
=040  \\$aUk$beng$cUk$erda$edcrmb
=110  20$aCluer Dicey and Richard Marshall (London, England),$eauthor.
=245  10$aDirections for taking and using Betton's true and genuine British oil.$bSold wholesale, in London, by appointment of the said Betton's only at Dr. Bateman's true & original warehouse, in Bow-Church-Yard, kept by Thomas Dicey & Co. and at his warehouse in Northampton, where only are likewise sold, the original and true Dr. Bateman's pectoral drops Dr. Hooper's female pills. Dr. Frannce's female strengthening elixir, all published under sanction of the King's royal letters patent. The true daffy's elixir, Dr. Bateman's golden and spirits of scurvy grass. Fryar's balsam, Doctor Ratcliff's famous purging elixir. Dr Stoughton's great stomach elixir. Bostock's purging elixir. Squire's grand elixir. Dr. Anderson's, or the true Scot's pills. Dr. Godfrey's cordial, bathing spirits. White's chemical fever tincture.
=264  \1$a[London?] :$bShaw, Printer, Silver-street,$c[between 1785 and 1801?]
=300  \\$a8 pages :$billustrations ;$c15 cm
=336  \\$atext$2rdacontent
=337  \\$aunmediated$2rdamedia
=338  \\$avolume$2rdacarrier
=500  \\$aImprint from colophon.
=500  \\$aDate of publication based on when Shaw was active at this address. Richard Shaw was active at Silver Street, London, from 1785 to 1801.
=510  4\$aBritish Book Trade Index,$c62208
=650  \0$aAdvertising$xMedicine$vEarly works to 1800.
=655  \7$aAdvertisements.$2rbgenr
=752  \\$aGreat Britain$bEngland$dLondon.
=852  41$aBritish Library$bHMNTS$qCopy at XXXX. Imperfect: Leaves 3 and 4 are detached.
=CAT  \\$a8565$b40$c20210915$lBLL01$h1343
=CAT  \\$a14589$b40$c20211104$lBLL01$h0838
=CAT  \\$aBATCH-UPD$b40$c20211104$lBLL01$h0839
=CAT  \\$aKITHERAE$b40$c20211215$lBLL01$h1440
=CAT  \\$aKITHERAE$b40$c20220111$lBLL01$h0919
=CAT  \\$aKITHERAE$b40$c20220111$lBLL01$h0922
=FIN  \\$aY$d20211104
=LAS  \\$aKITHERAE$b40$c20220111$lBLL01$h0922

