=LDR  01491cam a2200409 i 4500
=001  020378480
=003  Uk
=005  20231006214729.0
=008  210830s2022\\\\enka\\\\\b\\\\001|0|eng|d
=FMT  \\$a  BK
=015  \\$aGBC1I0189$2bnb
=016  7\$a020378480$2Uk
=020  \\$a9781398602021 :$q(hbk.)$c£90.00
=020  \\$a9781398602007 :$q(pbk.)$cNo price
=020  \\$z9781398602014 (PDF ebook) :$c£29.99
=040  \\$aStDuBDS$beng$cStDuBDS$dUk$erda
=042  \\$aukblcatcopy
=082  04$a658.80028563$223
=100  1\$aKing, Katie,$d1967-$eauthor.$1https://isni.org/isni/0000000501711952
=245  10$aAI strategy for sales and marketing :$bconnecting marketing, sales and customer experience /$cKatie King.
=264  \1$aLondon :$bKoganPage,$c2022.
=300  \\$axi, 274 pages :$billustrations ;$c24 cm
=336  \\$atext$2rdacontent
=337  \\$aunmediated$2rdamedia
=338  \\$avolume$2rdacarrier
=504  \\$aIncludes bibliographical references and index.
=500  \\$aFormerly CIP.$5Uk
=650  \0$aArtificial intelligence$xMarketing applications.
=650  \0$aSales management$xData processing.
=690  7\$aManagement and Business Studies$2blcoll
=776  08$iebook version :$z9781398602014
=852  11$aBritish Library$bSTI$cBIPC
=CAT  \\$aBATCH-CIPN$b00$c20211102$lBLL01$h1700
=CAT  \\$a11131$b40$c20230928$lBLL01$h1116
=CAT  \\$aBATCH-MBS$c20231006$lBLL01$h2147
=FIN  \\$aY$d20230928
=LAS  \\$aBATCH-MBS$b00$c20231006$lBLL01$h2147

