=LDR  02588ccm a2200673 i 4500
=001  020383040
=003  Uk
=005  20230223172437.0
=008  181114t20182018gw\zzl\\\h\\\\\n\\\\zxx\d
=FMT  \\$a  MU
=024  2\$a9790014132408
=024  2\$aM014132408
=028  30$aEP 14346$bEdition Peters
=028  30$a14346$bEdition Peters
=035  \\$a(OCoLC)1083455390$z(OCoLC)1086235447
=040  \\$aTDF$beng$cTDF$dOCLCO$dKLM$dOHX$dHMU$dEMU$dOCLCF$dUkOxU$dUk$erda
=041  0\$geng$gger
=042  \\$aukblsr
=050  \4$aM142$b.E4
=072  \7$aM$2lcco
=082  04$a787.87$223
=100  1\$aSaunders, Rebecca,$d1967-$ecomposer.
=245  10$aMetal bottle necks :$bstudy for e-guitar : (2018) /$cRebecca Saunders.
=264  \1$aLeipzig :$bEdition Peters,$c[2018]
=264  \4$c©2018
=300  \\$a1 score (1 unnumbered sheet, 2 sheets) ;$c30 x 42 cm.
=336  \\$anotated music$bntm$2rdacontent
=337  \\$aunmediated$bn$2rdamedia
=338  \\$asheet$bnb$2rdacarrier
=348  \\$ascore$2rdafnm
=382  01$aelectric guitar$n1$s1$2lcmpt
=490  1\$aContemporary
=500  \\$aFor electric guitar.
=500  \\$aComposed for the Darmstadt Summer Course 2018 guitar class of Yaron Deutsch; dedicated to Yaron Deutsch and Adrian Pereyra.
=500  \\$aReproduced from manuscript.
=546  \\$bStaff notation.
=500  \\$aDuration: 2 min. 45 sec.-3 min.
=500  \\$aPerformance notes in English; biographical note in English and German on page [4] of cover.
=500  \\$aPublisher's number: Edition Peters 14346 (on cover: EP 14346).
=600  10$aSaunders, Rebecca,$d1967-$vManuscripts$vFacsimiles.
=600  17$aSaunders, Rebecca,$d1967-$2fast$0(OCoLC)fst00477439
=650  \0$aElectric guitar music.
=650  \0$aMusic$vManuscripts$vFacsimiles.
=650  \7$aElectric guitar music.$2fast$0(OCoLC)fst00904892
=650  \7$aMusic.$2fast$0(OCoLC)fst01030269
=655  \7$aConcert etudes.$2fast$0(OCoLC)fst01920075
=655  \7$aFacsimiles.$2fast$0(OCoLC)fst01411642
=655  \7$aManuscripts.$2fast$0(OCoLC)fst01424060
=655  \7$aScores.$2fast$0(OCoLC)fst01692898
=700  1\$aDeutsch, Yaron,$d1978-$ededicatee.
=700  1\$aPereyra, Adrian,$ededicatee.
=830  \0$aContemporary (Edition Peters)
=852  41$aBritish Library$bDSC$cMUSIC
=985  \\$aUpdated by MS generated file for WR2302-017
=CAT  \\$a8870$b40$c20211104$lBLL01$h1442
=CAT  \\$aW2302-0174$c20230223$lBLL01$h2055
=FIN  \\$aY$d20211104
=SID  \\$aZ39$bOXFORD$c(OCoLC)1083455390
=LAS  \\$aW2302-0174$b00$c20230223$lBLL01$h2055

