=LDR  01753nam a2200349 i 4500
=001  020390028
=003  Uk
=005  20211112120438.0
=008  211112s1810\\\\quc\\\\\\\\\\\000\0\fre\\
=FMT  \\$a  BK
=040  \\$aUk$beng$cUk$erda$edcrmb
=245  00$aPar Son Excellence Sir James Henry Craig,$bChevalier du très Honorable Ordre du Bain, Capitaine Général et Gouverneur en Chef des provinces du Bas-Canada, Haut-Canada, Nouvelle-Ecosse, Nouveau-Brunswick, et leurs différentes dépendances, Vice-Amiral d'icelles: Général et Commandant de toutes les forces de Sa Majesté dans les dites provinces du Bas-Canada, et Haut-Canada, Nouvelle-Ecosse et Nouveau Brunswick et leurs differentes dépendances et dans l'Isle de Terre-Neuve, &c. &c. &c.
=264  \1$a[Quebec] :$bDe l'imprimerie de J. Neilson, à Québec,$c[1810]
=300  \\$a1 sheet ([1] page) ;$c57 x 38 cm (folio)
=336  \\$atext$2rdacontent
=337  \\$aunmediated$2rdamedia
=338  \\$avolume$2rdacarrier
=500  \\$aDrop head title.
=500  \\$aImprint from foot of leaf.
=500  \\$aWith a coat of arms at the head of the leaf.
=500  \\$aMain body of text headed "Proclamation" and in two columns.
=500  \\$aSigned at end "J.H. Craig".
=500  \\$aDate of publication based on an annotation on a copy in the British Library.
=651  \0$aCanada$xPolitics and government$y1791-1841.
=700  1\$aCraig, James Henry,$cSir,$d1748-1812.
=700  1\$aNeilson, John,$d1776-1848,$eprinter.
=752  \\$aCanada.$dQuebec.
=852  41$aBritish Library$bHMNTS$h74/746.f.12.(25.)
=CAT  \\$a14940$b40$c20211112$lBLL01$h1156
=CAT  \\$a14940$b40$c20211112$lBLL01$h1204
=FIN  \\$aY$d20211112
=LAS  \\$a14940$b40$c20211112$lBLL01$h1204

