=LDR  01569nam a2200349   4500
=001  020403958
=003  Uk
=005  20211124141336.0
=008  990326s1641\\\\enk\\\\\\\\\\\000\0|eng\c
=FMT  \\$a  BK
=035  \\$a(Uk-ES)006141050
=040  \\$aCU-RivES$cCU-RivES$dUk-ES$edcrmb
=100  1\$aStrafford, Thomas Wentworth,$cEarl of,$d1593-1641.
=245  14$aThe Earle of Straffords letter to His Most Excellent Maiestie, dated from the Tower. 4. May. 1641.
=246  3\$aEarl of Straffords letter to His Most Excellent Majesty, dated from the Tower, 4. May. 1641
=264  \1$a[London] :$b[s.n.],$cAnno Domini. 1641.
=300  \\$a[8] p. ;$c19 cm (4⁰)
=500  \\$aThe Earl of Strafford = Thomas Wentworth, Earl of Strafford.
=500  \\$aPlace of publication from Wing.
=500  \\$aLacks title page ornament though space exists for one.
=500  \\$aThis setting has second line of caption title on p.[3] "Letter, to his most Excel-". The closing valediction "Your Majesties most faithfull, and humble subject, and servant," is in roman.
=500  \\$aSignatures: A⁴.
=510  4\$aWing (CD-ROM, 1996),$cS5789
=510  4\$aESTC,$cR232623
=600  10$aStrafford, Thomas Wentworth,$cEarl of,$d1593-1641$vEarly works to 1800.
=700  0\$aCharles$bI,$cKing of England,$d1600-1649.
=752  \\$aGreat Britain$bEngland$dLondon.
=852  41$aBritish Library$bHMNTS$qCopy at XXXX. Imperfect: final leaf torn off.
=CAT  \\$a12121$b40$c20211124$lBLL01$h1413
=FIN  \\$aY$d20211124
=SRC  \\$aESTC
=LAS  \\$a12121$b40$c20211124$lBLL01$h1413

