=LDR  01480nam a2200433 i 4500
=001  020404778
=003  Uk
=005  20211125145910.0
=008  930419s1992\\\\ci\ab\\\\b\\\\000\0chrv\\
=FMT  \\$a  BK
=010  \\$a   93142527 
=020  \\$z86808225670
=035  \\$a(OCoLC)29427878
=040  \\$aDLC$beng$cDLC$dGEBAY$dOCLCO$dOCLCF$dOCLCQ$dOCLCO$dOCLCA$dOCL$dOCLCO$dUk$erda
=042  \\$aukblsr
=043  \\$ae-rm---
=050  00$aDR214.C69$bK76 1992
=100  1\$aKrpan, Stjepan,$d1922-$eauthor.
=245  10$aPortreti rumunjskih Hrvata /$cStjepan Krpan.
=260  \\$aZagreb :$bHrvatski sabor kulture,$c1992.
=300  \\$a99 pages :$billustrations (black and white), map (black and white) ;$c21 cm
=336  \\$atext$btxt$2rdacontent
=337  \\$aunmediated$bn$2rdamedia
=338  \\$avolume$bnc$2rdacarrier
=504  \\$aIncludes bibliographical references (pages 89-93).
=650  \0$aCroats$zRomania$vBiography.
=651  \0$aRomania$vBiography.
=650  \7$aCroats.$2fast$0(OCoLC)fst00883833
=651  \7$aRomania.$2fast$0(OCoLC)fst01205085
=655  \7$aBiographies.$2fast$0(OCoLC)fst01919896
=650  \7$aGeschichte.$2gnd
=650  \7$aBiografie.$2gnd
=651  \7$aRumänien.$2gnd
=651  \7$aKroaten.$2swd
=852  41$aBritish Library$bHMNTS$qCopy mutilated; some text is underlined in pencil.
=CAT  \\$a10039$b40$c20211125$lBLL01$h1459
=FIN  \\$aY$d20211125
=SID  \\$aZ39$bOCLC
=LAS  \\$a10039$b40$c20211125$lBLL01$h1459

