=LDR  01483cam a22004331i 4500
=001  020424496
=003  Uk
=005  20220902213117.0
=008  211210s2021\\\\enka\\\\\\\\\\000|0|eng|d
=FMT  \\$a  BK
=015  \\$aGBC1K8176$2bnb
=016  7\$a020424496$2Uk
=020  \\$a9781032242408 :$q(pbk.)$c£16.99
=020  \\$a9780415734998$q(hbk.)
=040  \\$aStDuBDS$beng$cStDuBDS$dUk$erda
=042  \\$aukblcatcopy
=082  04$a658.4063$223
=100  1\$aTheyel, Gregory,$eauthor.$1https://isni.org/isni/0000000486387479.
=245  10$aUnderstanding industry emergence :$binnovation strategy and technology management /$cGregory Theyel.
=264  \1$aLondon :$bRoutledge,$c2021.
=300  \\$axi, 104 pages :$billustrations (black and white) ;$c22 cm
=336  \\$atext$2rdacontent
=336  \\$astill image$2rdacontent
=337  \\$aunmediated$2rdamedia
=338  \\$avolume$2rdacarrier
=530  \\$aAlso issued online.
=500  \\$aFormerly CIP.$5Uk
=650  \0$aStrategic planning.
=650  \0$aNew business enterprises.
=650  \0$aTechnological innovations$xManagement.
=650  \0$aOrganizational change.
=690  7\$aManagement and Business Studies$2blcoll
=852  11$aBritish Library$bSTI$cBIPC
=BUF  \\$aY$d20220823
=CAT  \\$aBATCH-CIPN$b00$c20211214$lBLL01$h1700
=CAT  \\$a11131$b40$c20220823$lBLL01$h1131
=CAT  \\$aBATCH-MBS$c20220902$lBLL01$h2131
=FIN  \\$aY$d20220823
=LAS  \\$aBATCH-MBS$b00$c20220902$lBLL01$h2131

