=LDR  02134cam a2200445 i 4500
=001  020441914
=003  Uk
=005  20220111133153.0
=008  150302s2014\\\\ii\\\\\\\d\\\f000\0\hino\
=FMT  \\$a  BK
=010  \\$a  2015305096
=025  \\$aI-H-2015305096
=035  \\$a(OCoLC)904336059
=040  \\$aDLC$beng$cDLC$dUIU$dOCLCF$erda
=041  0\$ahin$aeng$asit
=042  \\$alcode$apcc
=050  00$aPK1937$b.H45827 2014
=245  00$6880-01$aHindī-Boḍo-Aṅgrejī kośa =$bHindī-Bara'-Iṃrāji sodoba bihuṃ.
=246  31$6880-02$aHindī-Bara'-Iṃrāji sodoba bihuṃ
=250  \\$6880-03$aPrathama saṃskaraṇa.
=264  \1$6880-04$aNaī Dillī :$bBhārata Sarakāra, Kendrīya Hindī Nideśālaya, Uccatara Śikshā Vibhāga, Mānava Saṃsādhana Vikāsa Mantrālaya,$c2014.
=300  \\$axii, 706 pages ;$c21 cm
=336  \\$atext$btxt$2rdacontent
=337  \\$aunmediated$bn$2rdamedia
=338  \\$avolume$bnc$2rdacarrier
=520  \\$aHindi to Bodo and English dictionary.
=546  \\$aHindi, Bodo, and English.
=650  \0$aHindi language$vDictionaries$xBodo.
=650  \0$aHindi language$vDictionaries$xEnglish.
=650  \7$aHindi language.$2fast$0(OCoLC)fst00956878
=655  \7$aDictionaries.$2fast$0(OCoLC)fst01423826
=710  1\$aIndia.$bCentral Hindi Directorate,$epublisher.
=880  00$6245-01$aहिंदी-बोडो-अंग्रेजी कोश =$bहिन्दी-बर'-इंराजि सोदोब बिहुं.
=880  31$6246-02$aहिन्दी-बरऽ-इंराजि सोदोब बिहुं
=880  \\$6250-03$aप्रथम संस्करण.
=880  \1$6264-04$aनई दिल्ली :$bभारत सरकार, केंद्रीय हिंदी निदेशालय, उच्चतर शिक्षा विभाग, मानव संसाधन विकास मंत्रालय,$c2014.
=852  41$aBritish Library$bOC$lYP.2022.a.1917
=CAT  \\$a14485$b40$c20220111$lBLL01$h1331
=SID  \\$aZ39$bOCLC
=LAS  \\$a14485$b40$c20220111$lBLL01$h1331

