=LDR  01541cas a2200409 i 4500
=001  020477666
=003  Uk
=005  20230628130302.0
=007  ta
=008  220203c20219999enkmr\p\\\\\\\0\\\a0eng\\
=FMT  \\$a  SE
=015  \\$aGBC216863$2bnb
=022  \\$a2709-8028
=040  \\$aUk$beng$cUk$erda
=042  \\$aukblsr
=082  04$a363.6105$223
=130  0\$aAqua (London, England : 2021)
=222  \0$aAqua$b(2021. Print)
=245  10$aAqua :$bwater infrastucture, ecosystems and society.
=264  \1$aLondon :$bIWA Publishing,$c2021-
=300  \\$billustrations (black and white) ;$c28 cm
=310  \\$a8 issues a year
=336  \\$atext$2rdacontent
=337  \\$aunmediated$2rdamedia
=338  \\$avolume$2rdacarrier
=362  0\$aVol. 70, issues 1-4 (Feb.-June 2021)-
=650  \0$aWater-supply$vPeriodicals.
=710  2\$aInternational Water Association.
=776  08$iAlso issued online as:$tAqua (2021. Online)$x2709-8036
=780  00$tJournal of water supply : research and technology - AQUA :$x1606-9935
=852  41$aBritish Library$bHMNTS$k(P)$hSL 24$m(I)-E(1)$3Volume 70, issue 1/4(2021:Feb./Jun.)-v. 70, issue 5/8(2021:Aug.Dec.)***Title now taken as electonic copy only
=CAT  \\$a5110$b40$c20220203$lBLL01$h1300
=CAT  \\$a5110$b40$c20220203$lBLL01$h1304
=CAT  \\$a10969$b40$c20230628$lBLL01$h1303
=FIN  \\$aY$d20220203
=LKR  \\$aPAR$b010492764$lBLL01$nJournal of water supply : research and technology - AQUA :$mAqua (London : 2021)$r78000
=LAS  \\$a10969$b40$c20230628$lBLL01$h1303

