=LDR  01377cam a2200373 i 4500
=001  020477822
=003  Uk
=005  20230109150205.0
=008  220203s1855\\\\fr\\\\\\\\\\\|0|0\0|fre\\
=FMT  \\$a  BK
=040  \\$aUk$beng$cUk$erda$edcrmb
=042  \\$aukblsr
=082  04$a625.165$223
=100  1\$aDu Moncel, Th.,$ccomte,$d1821-1884,$eauthor.
=245  10$aMoniteur automatique des chemins de fer /$cde M. Th Du Moncel.
=246  1\$aBinder's title: Moniteur autom. des chemins de fer$5Uk
=264  \1$aCaen :$bTyp. de A. Hardel, Imprimeur-libraire, Rue Froide, 2,$c1855.
=300  \\$a16 pages ;$c23 cm (8vo)
=336  \\$atext$2rdacontent
=337  \\$aunmediated$2rdamedia
=338  \\$avolume$2rdacarrier
=340  \\$m8vo$2rdabf
=500  \\$a"Médaille de première classe à l'Exposition universelle."
=500  \\$a"Imagine en Mai 1853."
=650  \0$aRailroads$xSignaling.
=700  1\$aHardel, A.$q(Aimable),$d1802-1864,$eprinter.
=710  1\$aGreat Britain.$bPatent Office.$bLibrary,$eformer owner.$5Uk
=852  41$aBritish Library$bHMNTS$qCopy at XXXX. Imperfect. Front cover detached.
=CAT  \\$a11009$b40$c20220203$lBLL01$h1612
=CAT  \\$a11009$b40$c20220210$lBLL01$h1629
=CAT  \\$a11009$b40$c20220304$lBLL01$h1233
=CAT  \\$a7764$b40$c20230109$lBLL01$h1502
=FIN  \\$aY$d20220209
=LAS  \\$a7764$b40$c20230109$lBLL01$h1502

