=LDR  03040cam a2200541 i 4500
=001  020478404
=003  Uk
=005  20220310102956.0
=008  220204s2012\\\\ir\ab\\\\b\\\\001\0\per\\
=FMT  \\$a  BK
=020  \\$a9786005443387
=040  \\$aUk$beng$cUk$erda
=042  \\$aukblsr
=100  1\$6880-01,$aLuṭf Allāh Zādagān, ʿAlīriz̤ā,$d1957 or 1958-$eauthor.
=245  10$6880-02$aRuz'shumār-i jang-i Īrān va ʿIrāq :$bʿamalīyāt-i Muslim ibn ʿAqīl 1 Shahrīvar tā Mihr 1361 /$cʿAlī Riz̤ā Luṭf Allāh Zādagān, nīẓārat va vīrāyish-i muḥtavāyī: Majīd Mukhtārī bā hamkārī-i Sajjād Nakhaʿī, vīrāyish-i adabī Maryam Ḥaqqānī, Zahrā Gul Muḥammadī.
=250  \\$6880-03$aChāp-i avval.
=264  \1$6880-04$aTihrān :$bMarkaz-i Asnād-i Taḥqīqāt-i Difaʿ Muqaddas,$c1391 [2012]
=300  \\$a1087 pages :$billustrations (black and white), maps ;$c25 cm
=336  \\$atext$2rdacontent
=337  \\$aunmediated$2rdamedia
=338  \\$avolume$2rdacarrier
=500  \\$6880-05$akitāb-i bīst va yakum.
=504  \\$aIncludes bibliographical references and index.
=650  \0$aIran-Iraq War, 1980-1988$vChronology.
=700  1\$6880-06,$aMukhtārī, Majīd.$eeditor.
=700  1\$6880-07$aNakhaʿī, Sajjād,$eeditor.
=700  1\$6880-08,$aGul Muḥammadī, Zahrā.$eeditor.
=700  1\$6880-09,$aḤaqqānī, Maryam,$eeditor.$eeditor.
=710  1\$6880-10$aIran.$bSipāh-i Pāsdārān-i Inqilāb-i Islāmī.$bMarkaz-i Asnād-i Difāʿ-i Muqaddas.
=880  1\$6100-01$aلطف‌الله‌زادگان، علیرضا،$eauthor.
=880  10$6245-02$aروزشمار جنگ ایران و عراق :$bعملیات مسلم بن عقیل 1 شهریور تا 30 مهر 1361 /$cعلیرضا لطف‌الله‌زادگان، نظارت و ویرایش محتوایی: مجید مختاری با همکاری سجاد نخعی، ویرایش ادبی مریم حقانی، زهرا گل‌محمدی.
=880  \\$6250-03$aچاپ اول.
=880  \1$6264-04$aتهران :$bمرکز اسناد و تحقیقات دفاع مقدس،$c1391 [2012]
=880  \\$6500-05$aکتاب بیست‌ویکم.
=880  1\$6700-06$aمختاری، مجید،$eeditor.
=880  1\$6700-07$aنخعی، سجاد،$eeditor.
=880  1\$6700-08$aگل‌محمدی، زهرا،$eeditor.
=880  1\$6700-09$aحقانی، مریم،$eeditor.
=880  2\$6710-10$aسپاه پاسداران انقلاب اسلامی (ایران).$bمرکز اسناد دفاع مقدس.
=852  41$aBritish Library$bOC$lYP.2022.a.3434
=985  \\$aNew Nakhaʿī, Sajjā, Ḥaqqānī, Maryam heading.
=CAT  \\$a14485$b40$c20220204$lBLL01$h0958
=CAT  \\$a14485$b40$c20220310$lBLL01$h0929
=CAT  \\$a14485$b40$c20220310$lBLL01$h0944
=CAT  \\$a14485$b40$c20220310$lBLL01$h1029
=CAT  \\$aBATCH-UPD$b40$c20220526$lBLL01$h2047
=FIN  \\$aY$d20220310
=LAS  \\$aBATCH-UPD$b40$c20220526$lBLL01$h2047

