=LDR  01435cam a2200409 i 4500
=001  020489879
=003  Uk
=005  20230906093532.0
=008  220214s2022\\\\si\a\\\\\b\\\\000\0\eng\d
=FMT  \\$a  BK
=015  \\$aGBC224781$2bnb
=016  7\$a020489879$2Uk
=020  \\$a9789811691348$qhardback$c£159.99
=040  \\$aStDuBDS$beng$cStDuBDS$dUk$erda
=042  \\$aukblsr
=082  04$a621.042$223
=245  00$aSustainable and clean energy production technologies /$cDan Bahadur Pal, Jay Mant Jha, editors.
=264  \1$aSingapore :$bSpringer,$c[2022]
=300  \\$avii, 288 pages :$billustrations (black and white, and colour) ;$c24 cm.
=336  \\$atext$2rdacontent
=336  \\$astill image$2rdacontent
=337  \\$aunmediated$2rdamedia
=338  \\$avolume$2rdacarrier
=490  0\$aClean energy production technologies
=504  \\$aIncludes bibliographical references.
=500  \\$aFormerly CIP.$5Uk
=650  \0$aRenewable energy sources.
=650  \7$aClean energy.$2fast$0(OCoLC)fst01920487
=650  \7$aRenewable energy sources.$2fast$0(OCoLC)fst01094570
=700  1\$aPal, Dan Bahadur,$eeditor.
=700  1\$aJha, Jay Mant,$eeditor.
=852  11$aBritish Library$bHMNTS$k(B)$h621.042
=CAT  \\$aBATCH-CIPN$b00$c20220215$lBLL01$h1701
=CAT  \\$a7143$b40$c20230905$lBLL01$h1111
=CAT  \\$a8962$b40$c20230906$lBLL01$h0935
=FIN  \\$aY$d20230905
=LAS  \\$a8962$b40$c20230906$lBLL01$h0935

