=LDR  02760cam a2200529 i 4500
=001  020500162
=003  Uk
=005  20220420103635.0
=008  141203s2013\\\\ch\ah\\\\\\\\\000\0\tib\d
=FMT  \\$a  BK
=010  \\$a  2015364249
=020  \\$a9787223058445
=025  \\$aCh-Tib-2015364249; 21
=035  \\$a(OCoLC)ocn897378162
=035  \\$a(OCoLC)897378162
=040  \\$aVA@$beng$cVA@$dOCLCO$dOCLCF$dZCU$dOCLCO$dOCL$dOCLCO$dDLC$erda
=041  1\$atib$beng$bchi$htib
=042  \\$alccopycat$alcode
=043  \\$aa-cc-ti
=050  00$aR127.5$b.K78 2013
=245  00$6880-01$aKrung-goʾi Bod lugs gso rig rtsa cheʾi dpe rnying kun btus / Bod-ljongs Bod-lugs Gso-rig Slob-grwa Chen-mos bsgrigs (v.31-40) =$bZhongguo Zang yi yao ying yin gu ji zhen ben / Xizang Zang yi xue yuan bian = Chinaʾs traditional Tibetan medical texts / Compiled by Tibetan Medicine College.
=246  31$aZhongguo zang yi yao ying yin gu ji zhen ben
=246  31$aChinaʾs traditional Tibetan medical texts
=264  \1$aLhasa :$bBod-ljongs Mi-dmangs Dpe-skrun-khang,$c2013.
=300  \\$a30 volumes ;$cillustrations, facsimiles ;$c27 x 39 cm
=336  \\$atext$btxt$2rdacontent
=337  \\$aunmediated$bn$2rdamedia
=338  \\$avolume$bnc$2rdacarrier
=546  \\$aText in Tibetan; includes translations of preface into English and Chinese. Preface repeated with each volume.
=520  \\$aFacsimile reproductions of traditional Tibetan medical texts from monasteries, institutes, libraries, collections at Drikung [Tib. ʾBri-gung Thel-dgon (Lhasa)] and Ngari (Tib. Mnga'-ris), and especially in the Potala Palace (Lhasa).
=650  \0$aMedicine, Tibetan$vEarly works to 1800.
=650  \0$aMedicine, Tibetan$vFormulae, receipts, prescriptions.
=650  \0$aTraditional medicine$zTibet Region.
=650  \7$aMedicine, Tibetan.$2fast$0(OCoLC)fst01015383
=650  \7$aTraditional medicine.$2fast$0(OCoLC)fst01153974
=651  \7$aChina$zTibet Autonomous Region.$2fast$0(OCoLC)fst01758817
=655  \7$aEarly works.$2fast$0(OCoLC)fst01411636
=655  \7$aPrescriptions, formulae, receipts, etc.$2fast$0(OCoLC)fst01424054
=710  2\$aBod-ljongs Bod-lugs Gso-rig Slob-grwa Chen-mo,$eeditor.
=880  00$6245-01/{dollar}1$aKrung-goʾi Bod lugs gso rig rtsa cheʾi dpe rnying kun btus / Bod-ljongs Bod-lugs Gso-rig Slob-grwa Chen-mos bsgrigs (v.31-40)=$b中国藏医药影印古籍珍本 / 西藏藏医学院编 = Chinaʾs traditional Tibetan medical texts / Compiled by Tibetan Medicine College.
=852  \\$xdeleted
=985  \\$eODE-nd
=CAT  \\$a10503$b40$c20220301$lBLL01$h1141
=CAT  \\$a10503$b40$c20220302$lBLL01$h1145
=CAT  \\$a14760$b40$c20220420$lBLL01$h1036
=SID  \\$aZ39$bLOC
=LAS  \\$a14760$b40$c20220420$lBLL01$h1036

