=LDR  01405pam a2200397 i 4500
=001  020502076
=003  Uk
=005  20230911112101.0
=008  220216s2022\\\\sz\a\\\\\b\\\|0|1|0|eng\d
=FMT  \\$a  BK
=015  \\$aGBC236126$2bnb
=016  7\$a020502076$2Uk
=020  \\$a9783030954420
=020  \\$z9783030954437$qeBook
=024  7\$z10.1007/9783030954437$2doi
=040  \\$aStDuBDS$beng$cStDuBDS$dUk$erda
=042  \\$aukblsr
=082  04$a363.7394$223
=245  00$aLegacy and emerging contaminants in water and wastewater :$bmonitoring, risk assessment and remediation techniques /$cParomita Chakraborty, Daniel Snow, editors.
=264  \1$aCham :$bSpringer,$c[2022]
=300  \\$axii, 415 pages :$billustrations (black and white, and colour) ;$c25 cm.
=336  \\$atext$2rdacontent
=336  \\$astill image$2rdacontent
=337  \\$aunmediated$2rdamedia
=338  \\$avolume$2rdacarrier
=490  0\$aEmerging contaminants and associated treatment technologies
=500  \\$aFormerly CIP.$5Uk
=650  \0$aWater$xPollution.
=650  \0$aSewage$xPurification.
=700  1\$aChakraborty, Paromita,$eeditor.
=700  1\$aSnow, Daniel$q(Daniel D.),$eeditor.
=852  11$aBritish Library$bHMNTS$k(B)$h363.7394
=CAT  \\$aBATCH-CIPN$b00$c20220301$lBLL01$h1700
=CAT  \\$a11014$b40$c20230911$lBLL01$h1121
=FIN  \\$aY$d20230911
=LAS  \\$a11014$b40$c20230911$lBLL01$h1121

