=LDR  01756cam a2200469 i 4500
=001  020510873
=003  Uk
=005  20231010125550.0
=008  220224s2021\\\\ilua\\\j\b\\\|000|0|eng|d
=FMT  \\$a  BK
=015  \\$aGBC240620$2bnb
=016  7\$a020510873$2Uk
=020  \\$a9780878227341$qset$qpaperback :$c£31.50
=020  \\$z9780872227327$qEducator's guide
=020  \\$a9780878227334$qFinding your calm
=040  \\$aStDuBDS$beng$cStDuBDS$dUk$erda
=042  \\$aukblsr
=082  04$a155.4189042$223
=100  1\$aWilliams, Rhonda,$eauthor.
=245  10$aStress-Free Me!
=264  \1$aChampaign, Illinois :$bResearch Press Publishers,$c[2021]
=300  \\$a2 volumes :$billustrations (black and white, and colour) ;$c22 x 23 cm
=336  \\$atext$2rdacontent
=337  \\$aunmediated$2rdamedia
=338  \\$avolume$2rdacarrier
=505  0\$aEducator's Guide / Rhonda Williams, Sameen DeBard, Sarah Clapham -- Finding Your Calm / Rhonda Williams, Sameen DeBard.
=500  \\$aSet ISBN includes 5 copies of "Finding Your Calm."
=504  \\$aIncludes bibliographical references.
=500  \\$aFormerly CIP.$5Uk
=650  \0$aStress management for children.
=650  \7$aStress management for children.$2fast$0(OCoLC)fst01134973
=700  1\$aDeBard, Sameen,$eauthor.
=700  1\$aClapham, Sarah,$eauthor.
=852  41$aBritish Library$bHMNTS$ifinding your calm
=852  41$aBritish Library$bHMNTS$ieducator's guide
=CAT  \\$aBATCH-CIPN$b00$c20220308$lBLL01$h1701
=CAT  \\$a15001$b40$c20221017$lBLL01$h0759
=CAT  \\$a6989$b40$c20231010$lBLL01$h1240
=CAT  \\$a6989$b40$c20231010$lBLL01$h1252
=CAT  \\$a6989$b40$c20231010$lBLL01$h1255
=FIN  \\$aY$d20231010
=LAS  \\$a6989$b40$c20231010$lBLL01$h1255

