=LDR  01542pam a2200421 i 4500
=001  020519301
=003  Uk
=005  20230906115728.0
=008  220311s2022\\\\sz\ab\\\\b\\\|0|1|0|eng\d
=FMT  \\$a  BK
=015  \\$aGBC245514$2bnb
=016  7\$a020519301$2Uk
=020  \\$a9783030942960
=020  \\$z9783030942977$zeBook
=024  7\$z10.1007/9783030942977$2doi
=040  \\$aStDuBDS$beng$cStDuBDS$dUk$erda
=042  \\$aukblsr
=082  04$a333.9516$223
=100  1\$aRodríguez Rodríguez, David,$d1981-$eauthor.$1https://isni.org/isni/0000000115494435
=245  10$aEffectiveness of protected areas in conserving biodiversity :$ba worldwide review /$cDavid Rodríguez-Rodríguez, Javier Martínez-Vega.
=264  \1$aCham :$bSpringer,$c[2022]
=300  \\$axix, 128 pages :$billustrations (black and white, and colour), maps (black and white, and colour) ;$c25 cm.
=336  \\$atext$2rdacontent
=336  \\$astill image$2rdacontent
=337  \\$aunmediated$2rdamedia
=338  \\$avolume$2rdacarrier
=490  0\$aStrategies for sustainability
=504  \\$aIncludes bibliographical references and index.
=500  \\$aFormerly CIP.$5Uk
=650  \0$aConservation biology.
=650  \0$aProtected areas.
=650  \0$aBiodiversity.
=700  1\$aMartínez Vega, Javier,$d1960-$eauthor.
=852  11$aBritish Library$bHMNTS$k(B)$h333.9516
=CAT  \\$aBATCH-CIPN$b00$c20220315$lBLL01$h1701
=CAT  \\$a11014$b40$c20230906$lBLL01$h1157
=FIN  \\$aY$d20230906
=LAS  \\$a11014$b40$c20230906$lBLL01$h1157

