=LDR  01582pam a2200421 i 4500
=001  020527573
=003  Uk
=005  20230911095426.0
=008  220311s2022\\\\si\ab\\\\b\\\|0|0|0|eng\d
=FMT  \\$a  BK
=015  \\$aGBC250626$2bnb
=016  7\$a020527573$2Uk
=020  \\$a9789811693359
=020  \\$z9789811693366$qeBook
=024  7\$z10.1007/9789811693366$2doi
=040  \\$aStDuBDS$beng$cStDuBDS$dUk$erda
=042  \\$aukblsr
=082  04$a363.7288$223
=245  00$aHealth care waste management and covid 19 pandemic :$bpolicy, implementation status and vaccine management /$cSadhan Kumar Ghosh, Pariatamby Agamuthu, editors.
=264  \1$aSingapore :$bSpringer,$c[2022]
=300  \\$avii, 352 pages :$billustrations (black and white, and colour), maps (colour) ;$c25 cm
=336  \\$atext$2rdacontent
=336  \\$astill image$2rdacontent
=337  \\$aunmediated$2rdamedia
=338  \\$avolume$2rdacarrier
=504  \\$aIncludes bibliographical references.
=500  \\$aFormerly CIP.$5Uk
=650  \0$aMedical wastes.
=650  \0$aHealth facilities$xWaste disposal.
=650  \0$aCOVID-19 Pandemic, 2020-
=700  1\$aGhosh, Sadhan K.$q(Sadhan Kumar),$eeditor.$1https://isni.org/isni/0000000047876166
=700  10$aAgamuthu, P.,$eeditor.$1https://isni.org/isni/0000000039758725
=852  11$aBritish Library$bHMNTS$k(B)$h363.7288
=CAT  \\$aBATCH-CIPN$b00$c20220322$lBLL01$h1701
=CAT  \\$aBATCH-UPD$b00$c20220322$lBLL01$h1714
=CAT  \\$a11014$b40$c20230911$lBLL01$h0954
=FIN  \\$aY$d20230911
=LAS  \\$a11014$b40$c20230911$lBLL01$h0954

