=LDR  02543cam a2200673 i 4500
=001  020542772
=003  Uk
=005  20230208110344.0
=008  210909s2021\\\\enkc\\\\|\\\\|0|1\0|urd\d
=FMT  \\$a  BK
=015  \\$aGBC328611$2bnb
=016  7\$a020542772$2Uk
=020  \\$a9781848801349$qset
=035  \\$a(StEdALDL)1/4079115
=040  \\$aUk$beng$cUk$dUk$erda
=042  \\$aukblsr
=100  1\$aAḥmad, G̲h̲ulām,$d1839?-1908,$eauthor.
=240  10$aWorks
=245  10$aRūḥānī ḵẖaza'īn /$cmajmū'ah kutub Haẓrat Mirza G̱ẖulām Aḥmad Qādīānī masīḥ mau'ūd o mahdī ma'hūd 'alaīhissalām = Ruhaani Khazaa'in / collection of the books of Hazrat Mirza Ghulam Ahmad of Qadian, The Promised Messiah and Mahdi (1835-1908), peace be upon him.
=246  31$aRuhaani Khazaa'in
=250  \\$a[New edition].
=264  \1$aFarnham, Surrey :$bIslam International Publications Ltd,$c2021.
=300  \\$a23 volumes :$b1 portrait ;$c24 cm
=336  \\$atext$2rdacontent
=337  \\$aunmediated$2rdamedia
=338  \\$avolume$2rdacarrier
=500  \\$aIncludes index.
=650  \0$aAhmadiyya.
=852  41$aBritish Library$bHMNTS$iv. 11
=852  41$aBritish Library$bHMNTS$iv. 13
=852  41$aBritish Library$bHMNTS$iv. 21
=852  41$aBritish Library$bHMNTS$iv. 3
=852  41$aBritish Library$bHMNTS$iv. 1
=852  41$aBritish Library$bHMNTS$iv. 2
=852  41$aBritish Library$bHMNTS$iv. 4
=852  41$aBritish Library$bHMNTS$iv. 5
=852  41$aBritish Library$bHMNTS$iv. 6
=852  41$aBritish Library$bHMNTS$iv. 7
=852  41$aBritish Library$bHMNTS$iv. 8
=852  41$aBritish Library$bHMNTS$iv. 9
=852  41$aBritish Library$bHMNTS$iv. 10
=852  41$aBritish Library$bHMNTS$iv. 12
=852  41$aBritish Library$bHMNTS$iv. 14
=852  41$aBritish Library$bHMNTS$iv. 16
=852  41$aBritish Library$bHMNTS$iv. 17
=852  41$aBritish Library$bHMNTS$iv. 20
=852  41$aBritish Library$bHMNTS$iv. 22
=852  41$aBritish Library$bHMNTS$iv. 15
=852  41$aBritish Library$bHMNTS$iv. 18
=852  41$aBritish Library$bHMNTS$iv. 19
=852  41$aBritish Library$bHMNTS$iv. 23
=CAT  \\$a15001$b40$c20220405$lBLL01$h1039
=CAT  \\$a15001$b40$c20220405$lBLL01$h1051
=CAT  \\$aBATCH-016$c20220406$lBLL01$h2151
=CAT  \\$a11312$b40$c20230207$lBLL01$h1217
=CAT  \\$a11312$b40$c20230208$lBLL01$h1103
=FIN  \\$aY$d20230208
=SID  \\$aZ39$bOXFORD$c(StEdALDL)1/4079115
=LAS  \\$a11312$b40$c20230208$lBLL01$h1103

