=LDR  01904cam a2200493 i 4500
=001  020563203
=003  Uk
=005  20230913131931.0
=008  220412s2022\\\\nyua\\\\\b\\\\001\0\eng\d
=FMT  \\$a  BK
=015  \\$aGBC270898$2bnb
=016  7\$a020563203$2Uk
=020  \\$a9781071623527$qhardback$c£149.99
=040  \\$aStDuBDS$beng$cStDuBDS$dUk$erda
=042  \\$aukblsr
=082  04$a577.278$223
=245  00$aIn situ bioavailability and toxicity of organic chemicals in aquatic systems /$cThomas-Benjamin Seiler, Markus Brinkmann, editors.
=264  \1$aNew York, NY :$bHumana,$c[2022]
=300  \\$ax, 304 pages :$billustrations (black and white, and colour) ;$c27 cm.
=336  \\$atext$2rdacontent
=336  \\$astill image$2rdacontent
=337  \\$aunmediated$2rdamedia
=338  \\$avolume$2rdacarrier
=490  0\$aMethods in pharmacology and toxicology,$x1557-2153
=490  0\$aSpringer protocols
=504  \\$aIncludes bibliographical references and index.
=500  \\$aFormerly CIP.$5Uk
=650  \0$aOrganic compounds$xBioaccumulation.
=650  \0$aOrganic compounds$xAnalysis.
=650  \0$aWater$xPollution$xToxicology.
=650  \0$aEnvironmental chemistry.
=650  \7$aOrganic compounds$xAnalysis.$2fast$0(OCoLC)fst01047643
=650  \7$aOrganic compounds$xBioaccumulation.$2fast$0(OCoLC)fst01047644
=650  \7$aWater chemistry.$2fast$0(OCoLC)fst01171592
=650  \7$aWater$xPollution$xToxicology.$2fast$0(OCoLC)fst01171353
=650  \7$aEnvironmental chemistry.$2fast$0(OCoLC)fst00912860
=700  1\$aSeiler, Thomas-Benjamin,$eeditor.
=700  1\$aBrinkmann, Markus,$eeditor.
=852  11$aBritish Library$bHMNTS$k(B)$h577.278
=CAT  \\$aBATCH-CIPN$b00$c20220426$lBLL01$h1701
=CAT  \\$a7143$b40$c20230913$lBLL01$h1304
=CAT  \\$a7143$b40$c20230913$lBLL01$h1319
=FIN  \\$aY$d20230913
=LAS  \\$a7143$b40$c20230913$lBLL01$h1319

