=LDR  01408cam a2200421 i 4500
=001  020574959
=003  Uk
=005  20221007215901.0
=008  220405s2022\\\\nyu\\\\\\\\\\\000|0|eng|d
=FMT  \\$a  BK
=015  \\$aGBC279817$2bnb
=016  7\$a020574959$2Uk
=020  \\$a9781637422427 :$q(hbk.)$c£23.50
=020  \\$a9781637422045 :$q(pbk.)$c£20.50
=020  \\$z9781637422052 (e-book)
=040  \\$aStDuBDS$beng$cStDuBDS$dUk$erda
=042  \\$aukblcatcopy
=082  04$a658.406$223
=100  1\$aAmling, Alan,$eauthor.
=245  10$aOrganizational velocity :$bturbocharge your business to stay ahead of the curve /$cAlan Amling.
=264  \1$aNew York :$bBusiness Expert Press,$c2022.
=300  \\$axxxii, 173 pages ;$c23 cm
=336  \\$atext$2rdacontent
=337  \\$aunmediated$2rdamedia
=338  \\$avolume$2rdacarrier
=530  \\$aAlso issued online.
=500  \\$aPrint on demand edition.
=500  \\$aFormerly CIP.$5Uk
=650  \0$aOrganizational change.
=650  \0$aIndustrial management.
=690  7\$aManagement and Business Studies$2blcoll
=852  11$aBritish Library$bSTI$cBIPC$kSBH.$kODHR.240
=CAT  \\$aBATCH-CIPN$b00$c20220503$lBLL01$h1702
=CAT  \\$a11131$b40$c20220928$lBLL01$h1037
=CAT  \\$a8962$b40$c20220928$lBLL01$h1156
=CAT  \\$aBATCH-MBS$c20221007$lBLL01$h2159
=FIN  \\$aY$d20220928
=LAS  \\$aBATCH-MBS$b00$c20221007$lBLL01$h2159

