=LDR  01224cam a2200373 i 4500
=001  020575235
=003  Uk
=005  20230316093517.0
=008  220428s2022\\\\vaua\\\\\b\\\\001|0|eng|d
=FMT  \\$a  BK
=015  \\$aGBC280093$2bnb
=016  7\$a020575235$2Uk
=020  \\$a9781683928591 :$q(hbk.)$c£72.95
=040  \\$aStDuBDS$beng$cStDuBDS$dUk$erda
=042  \\$aukblcatcopy
=082  04$a621.402$223
=100  1\$aKassim, M. S.,$eauthor.
=245  10$aEngineering thermodynamics :$ban introduction /$cM. Kassim.
=264  \1$aDulles :$bMercury Learning & Information,$c2022.
=300  \\$aviii, 281 pages :$billustrations ;$c23 cm
=336  \\$atext$2rdacontent
=337  \\$aunmediated$2rdamedia
=338  \\$avolume$2rdacarrier
=504  \\$aIncludes bibliographical references and index.
=500  \\$aFormerly CIP.$5Uk
=650  \0$aHeat engineering.
=650  \0$aThermodynamics.
=852  11$aBritish Library$bHMNTS$k(B)$h621.402
=CAT  \\$aBATCH-CIPN$b00$c20220503$lBLL01$h1702
=CAT  \\$a11131$b40$c20230313$lBLL01$h1052
=CAT  \\$a8962$b40$c20230316$lBLL01$h0935
=CAT  \\$aBATCH-UPD$b40$c20230316$lBLL01$h0936
=FIN  \\$aY$d20230313
=LAS  \\$aBATCH-UPD$b40$c20230316$lBLL01$h0936

