=LDR  01291 as a2200385 i 4500
=001  017443756
=003  Uk
=005  20170801113044.0
=007  ta
=008  150714c20159999enkar\p\\\\\\\0\\\a0eng\\
=FMT  \\$a  SE
=040  \\$aUk$beng$cUk$dUk$erda
=042  \\$aukblsr
=082  04$a381.14106541$223
=110  2\$aMarks & Spencer plc,$eauthor.
=245  10$aPlan A report ... /$cM & S.
=264  \1$aLondon :$bMarks and Spencer Group PLC,$c2015-
=300  \\$billustrations (colour), portraits (colour) ;$c30 cm
=310  \\$aAnnual
=336  \\$atext$2rdacontent
=337  \\$aunmediated$2rdamedia
=338  \\$avolume$2rdacarrier
=362  0\$a2015-
=588  \\$aLatest issue consulted: 2013.
=610  20$aMarks & Spencer plc$vPeriodicals.
=610  20$aMarks & Spencer plc$xPlanning$vPeriodicals.
=690  7\$aManagement and Business Studies$2blcoll
=780  00$aMarks & Spencer plc.$tYour Marks & Spencer
=852  41$aBritish Library$bSTI$cBIPC$kTrade Literature Collection$32015-2016
=CAT  \\$a5997$b40$c20150714$lBLL01$h1304
=CAT  \\$aBATCH-MBS$c20161028$lBLL01$h2114
=CAT  \\$a8124$b40$c20170801$lBLL01$h1130
=FIN  \\$aY$d20150714
=LKR  \\$aPAR$b016272476$lBLL01$nYour M & S$mPlan A report$r78000
=LAS  \\$a8124$b40$c20170801$lBLL01$h1130

