=LDR  01644cas a2200421 i 4500
=001  017505547
=003  Uk
=005  20221014115000.0
=007  ta
=008  150825d20142015enkfr\p\\\\\\\0\\\a0eng\\
=FMT  \\$a  SE
=015  \\$aGBB5B5164$2bnb
=040  \\$aUk$beng$cUk$erda
=042  \\$aukblsr
=082  04$a338.47647954105$223
=130  0\$aPrestige (London, England)
=245  10$aPrestige :$bthe magazine for venue & event managers.
=264  \1$aLondon :$bPublished for Sodexo Prestige by Runwild Media Group,$c[2014]-2015
=300  \\$billustrations (colour), maps (colour) ;$c30 cm
=310  \\$aSemiannual
=336  \\$atext$2rdacontent
=337  \\$aunmediated$2rdamedia
=338  \\$avolume$2rdacarrier
=362  1\$aBegan with spring 2014 issue.
=588  \\$aDescription based on: autumn/winter 2014 issue.
=588  \\$aLatest isuse consulted: spring/summer 2015.
=650  \0$aHospitality industry$zGreat Britain$vPeriodicals.
=690  7\$aManagement and Business Studies$2blcoll
=710  2\$aSodexo (Firm),$eissuing body.
=780  00$tPrestige & corporate services
=852  11$aBritish Library$bSTI$cBIPC$kTrade Literature Collection$3Spring (2014)-Autumn/Winter (2015)
=CAT  \\$a10973$b40$c20150825$lBLL01$h1150
=CAT  \\$a10973$b40$c20150825$lBLL01$h1253
=CAT  \\$aBATCH-MBS$c20161028$lBLL01$h2114
=CAT  \\$a6490$b40$c20221014$lBLL01$h1150
=FIN  \\$aY$d20150825
=LKR  \\$aPAR$b016588399$lBLL01$r78000$mPrestige : the magazine for venue & event managers.$nPrestige & corporate services : magazine for foodies and facilities managers.
=LAS  \\$a6490$b40$c20221014$lBLL01$h1150

