=LDR  04252pam a2200577 i 4500
=001  018665892
=003  Uk
=005  20180510112811.0
=008  171208s2018\\\\njua\\\\\b\\\\001\0\eng\\
=FMT  \\$a  BK
=010  \\$a  2017057356
=015  \\$aGBB801123$2bnb
=016  7\$a018665892$2Uk
=020  \\$a9781119434702 (hbk.) :$c£23.99
=020  \\$z9781119434757 (ePub ebook) :$c£23.99
=020  \\$z9781119434726 (PDF ebook) :$c£23.99
=020  \\$a9781119434702$q(hardcover)
=020  \\$a111943470X$q(hardcover)
=035  \\$a(OCoLC)1015270579
=040  \\$aStDuBDS$beng$cStDuBDS$dUk$erda
=042  \\$aukblcatcopy
=050  00$aHD69.C6$bM3975 2018
=082  00$a001$223
=100  1\$aMcMakin, Tom,$eauthor.
=245  10$aHow clients buy :$ba practical guide to business development for consulting and professional services /$cTom McMakin, Doug Fletcher.
=264  \1$aHoboken, New Jersey :$bJohn Wiley & Sons, Inc.,$c[2018]
=300  \\$aix, 262 pages :$billustrations ;$c24 cm
=336  \\$atext$btxt$2rdacontent
=337  \\$aunmediated$bn$2rdamedia
=338  \\$avolume$bnc$2rdacarrier
=530  \\$aAlso published electronically.
=504  \\$aIncludes bibliographical references and index.
=505  0\$aA curious problem -- Finders, minders, and grinders : the business development imperative -- Beyond pixels : selling a service is different from selling things (and harder) -- Obstacle #1 : What they didn't teach you in b-school : If I am supposed to be the expert, why do I feel so stupid about sales? -- Obstacle #2 : But I don't want to sell : Moving past Willy Loman -- Obstacle #3 : Things aren't what they once were : It is harder than ever to sell expert services -- Obstacle #4 : A blizzard of bad advice : Everything you know about sales is wrong -- The secret to selling : never say sell -- Element 1 : I am aware of you : What was the name of your firm again? -- Element 2 : I understand what you do : You do what? -- Element 3 : I am interested : These are my goals -- Element 4 : I respect your work : You have the right stuff to help me -- Element 5 : I trust you : You have my best interests at heart -- Element 6 : I am able : I've got budget and buy-in -- Element 7 : I am ready : The timing is right -- A chain is as strong as its weakest link : using the seven elements as a diagnostic tool -- Getting to work : learning to think and act like a rainmaker -- All business is local : from the Silk Road to the information superhighway -- Our vision of the future : a roadmap for change.
=520  \\$a"A survival guide for every services professional, this book helps you up your game by schooling you in the secrets of finding, connecting with, and building lasting professional relationships with the clients you want and deserve. And you won't have to become a pitchman, social media expert, road warrior, or marketing whiz to do it. Brimming with sage advice, priceless insights, and practical guidance, this book is for services of every stripe ... Written by a uniquely well qualified author team, and based on interviews with dozens of senior professionals working in a wide range of consulting and professional services ... How Clients Buy reveals proven strategies and techniques for building communities of interest, adding value to those communities, and scoping business off of what you learn"--$cProvided by publisher.
=500  \\$aFormerly CIP.$5Uk
=650  \0$aConsultants$xMarketing.
=650  \0$aProfessions$xMarketing.
=650  \0$aCustomer relations.
=650  \7$aConsultants$xMarketing.$2fast$0(OCoLC)fst00876209
=650  \7$aCustomer relations.$2fast$0(OCoLC)fst00885533
=650  \7$aProfessions$xMarketing.$2fast$0(OCoLC)fst01078572
=776  08$iebook version :$z9781119434757
=700  1\$aFletcher, Douglas H.,$eauthor.
=776  08$iOnline version:$aMcMakin, Tom.$tHow clients buy.$w(DLC)  2017058946$dHoboken, New Jersey : John Wiley & Sons, Inc., [2018]$z9781119434726
=852  11$aBritish Library$bSTI$cBIPC$kSBH. MSM.153
=916  \\$a700=NEW
=CAT  \\$aBATCH-CIPN$b00$c20180104$lBLL01$h0815
=CAT  \\$a11002$b40$c20180510$lBLL01$h1128
=FIN  \\$aY$d20180510
=SID  \\$aZ39$bOCLC
=LAS  \\$a11002$b40$c20180510$lBLL01$h1128

