=LDR  01504pam a2200421 i 4500
=001  018667869
=003  Uk
=005  20180420144330.0
=008  171108s2018\\\\enka\\\\\\\\\\000|0|eng|d
=FMT  \\$a  BK
=015  \\$aGBB803100$2bnb
=016  7\$a018667869$2Uk
=020  \\$a9781910566305 (hbk.) :$c£28.00
=040  \\$aStDuBDS$beng$cStDuBDS$dUk$erda
=042  \\$aukblcatcopy
=082  04$a658.1109421$223
=100  1\$aHopkinson, Christina,$eauthor.
=245  10$aStartup London /$cChristina Hopkinson ; photographs by Rick Pushinsky.
=264  \1$aLondon :$bHoxton Mini Press,$c2018.
=300  \\$a236 pages :$billustrations ;$c26 cm
=336  \\$atext$2rdacontent
=336  \\$astill image$2rdacontent
=337  \\$aunmediated$2rdamedia
=338  \\$avolume$2rdacarrier
=500  \\$aFormerly CIP.$5Uk
=650  \0$aNew business enterprises$zEngland$zLondon.
=650  \0$aNew business enterprises$zEngland$zLondon$vPictorial works.
=650  \0$aBusinesspeople$zEngland$zLondon.
=650  \0$aBusinesspeople$zEngland$zLondon$vPictorial works.
=690  7\$aManagement and Business Studies$2blcoll
=700  1\$aPushinsky, Rick,$ephotographer (expression)
=852  11$aBritish Library$bSTI$cBIPC$kSBH. STAR.135
=CAT  \\$aBATCH-CIPN$b00$c20180104$lBLL01$h0816
=CAT  \\$a10904$b40$c20180420$lBLL01$h1343
=CAT  \\$a8962$b40$c20180420$lBLL01$h1443
=CAT  \\$aBATCH-MBS$c20180518$lBLL01$h2123
=FIN  \\$aY$d20180420
=LAS  \\$aBATCH-MBS$b00$c20180518$lBLL01$h2123

