=LDR  01350pam a2200397 i 4500
=001  018730647
=003  Uk
=005  20180420134954.0
=008  171201s2018\\\\enka\\\\\b\\\\001|0|eng|d
=FMT  \\$a  BK
=015  \\$aGBB827694$2bnb
=016  7\$a018730647$2Uk
=020  \\$a9780749482343 (pbk.) :$c£19.99
=020  \\$z9780749482350 (PDF ebook) :$c£19.99
=040  \\$aStDuBDS$beng$cStDuBDS$dUk$erda
=042  \\$aukblcatcopy
=082  04$a658.81$223
=100  1\$aMaes, Patrick,$eauthor.
=245  10$aDisruptive selling :$ba new approach to sales, marketing and customer service /$cPatrick Maes.
=264  \1$aLondon :$bKoganPage,$c2018.
=300  \\$axxii, 209 pages :$billustrations ;$c24 cm
=336  \\$atext$2rdacontent
=337  \\$aunmediated$2rdamedia
=338  \\$avolume$2rdacarrier
=504  \\$aIncludes bibliographical references and index.
=500  \\$aFormerly CIP.$5Uk
=530  \\$aAlso published electronically.
=650  \0$aSelling.
=690  7\$aManagement and Business Studies$2blcoll
=776  08$iebook version :$z9780749482350
=852  11$aBritish Library$bSTI$cBIPC$kSBH. MSM.152
=CAT  \\$aBATCH-CIPN$b00$c20180206$lBLL01$h1700
=CAT  \\$a10904$b40$c20180420$lBLL01$h1349
=CAT  \\$aBATCH-MBS$c20180518$lBLL01$h2123
=FIN  \\$aY$d20180420
=LAS  \\$aBATCH-MBS$b00$c20180518$lBLL01$h2123

