=LDR  02376aam a2200493 i 4500
=001  018730649
=003  Uk
=005  20180621212004.0
=008  180129s2018\\\\enk\\\\\\\\\\\000\0\eng\\
=FMT  \\$a  BK
=010  \\$a2017060884  
=015  \\$aGBB827696$2bnb
=016  7\$a018730649$2Uk
=020  \\$a9780749482466 (pbk.) :$c£29.99
=020  \\$z9780749482473 (PDF ebook) :$c£29.99
=040  \\$aStDuBDS$beng$cStDuBDS$dUk$erda
=042  \\$aukblsr
=050  00$aHF5549.5.D37$bM37 2018
=082  00$a658.300285$223
=100  1\$aMarr, Bernard,$eauthor.
=245  10$aData-driven HR :$bhow to use analytics and metrics to drive performance /$cBernard Marr.
=250  \\$a1st Edition.
=264  \1$aLondon ;$aNew York, NY :$bKogan Page,$c2018.
=300  \\$aviii, 255 pages ;$c23 cm.
=336  \\$atext$btxt$2rdacontent
=337  \\$aunmediated$bn$2rdamedia
=338  \\$avolume$bnc$2rdacarrier
=500  \\$aFormerly CIP.$5Uk
=505  0\$aWhat is data-driven HR? -- The evolution of intelligent (and super intelligent) HR -- Data-driven strategy : making a business case for more intelligent HR -- Capitalising on the data explosion : identifying key sources of HR-relevant data -- Data-driven HR tools : turning data into insights with HR analytics -- Potential pitfalls : looking at data privacy, transparency and security -- Data-driven recruitment -- Data-driven employee engagement -- Data-driven employee safety and wellness -- Data-driven learning and development -- Data-driven performance management -- The future of data-driven HR.
=650  \0$aPersonnel management$xData processing.
=650  \0$aPersonnel management$xPlanning.
=690  7\$aManagement and Business Studies$2blcoll
=776  08$iOnline version:$aMarr, Bernard, author.$tData-driven HR$b1st Edition.$w(DLC) 2018004478$dNew York : Kogan Page, [2018]$z9780749482473
=852  11$aBritish Library$bSTI$cBIPC$kSBH. ODHR.97
=BUF  \\$aN$d20180420
=CAT  \\$aBATCH-CIPN$b00$c20180206$lBLL01$h1700
=CAT  \\$a10904$b40$c20180420$lBLL01$h1403
=CAT  \\$aBATCH-MBS$c20180518$lBLL01$h2123
=CAT  \\$aBATCH-BUOC$b00$c20180621$lBLL01$h2119
=CAT  \\$aBATCH-UPD$b00$c20180621$lBLL01$h2120
=CAT  \\$aBATCH-016$c20180627$lBLL01$h2148
=CAT  \\$aBATCH-MBS$c20180629$lBLL01$h2132
=FIN  \\$aY$d20180420
=LAS  \\$aBATCH-MBS$b00$c20180629$lBLL01$h2132

