=LDR  01502pam a2200457 i 4500
=001  018733150
=003  Uk
=005  20180509131539.0
=008  180115t20182018enk\\\\\\\\\\\001|0|eng|d
=FMT  \\$a  BK
=015  \\$aGBB830197$2bnb
=016  7\$a018733150$2Uk
=020  \\$a9781847167873 (pbk.) :$c£8.99
=040  \\$aStDuBDS$beng$cStDuBDS$dUk$erda
=042  \\$aukblcatcopy
=082  04$a658.110941$223
=100  10$aMajor, Michael$q(Michael J.),$eauthor.
=245  12$aA guide to setting up and running your own company the easyway /$cMichael Major.
=246  18$aSetting up and running your own company
=250  \\$aNew edition.
=264  \1$a[Brighton] :$bEasyway Guides,$c[2018]
=264  \4$c©2018
=300  \\$a141 pages ;$c21 cm.
=336  \\$atext$2rdacontent
=337  \\$aunmediated$2rdamedia
=338  \\$avolume$2rdacarrier
=490  0\$aEasyway guide
=500  \\$aPrevious edition: 2016.
=500  \\$aIncludes index.
=500  \\$aFormerly CIP.$5Uk
=650  \0$aNew business enterprises$zGreat Britain.
=650  \0$aNew business enterprises$zGreat Britain$xManagement.
=690  7\$aManagement and Business Studies$2blcoll
=852  11$aBritish Library$bSTI$cBIPC$kSBH. STAR.134
=CAT  \\$aBATCH-CIPN$b00$c20180206$lBLL01$h1701
=CAT  \\$a10904$b40$c20180509$lBLL01$h1315
=CAT  \\$aBATCH-MBS$c20180518$lBLL01$h2123
=EXP  \\$aX$d20181029
=FIN  \\$aY$d20180509
=SRC  \\$aBDZ$bblihback
=LAS  \\$aBATCH-MBS$b00$c20180518$lBLL01$h2123

