=LDR  01106 am a2200337 i 4500
=001  018781597
=003  Uk
=005  20180426141750.0
=008  180305s2018\\\\xxu\\\\\\\\\\|0|0\0|eng\\
=FMT  \\$a  BK
=015  \\$aGBB878054$2bnb
=020  \\$a9781574404982$qpaperback
=040  \\$aUk$beng$cUk$dUk$erda
=042  \\$aukblsr
=082  04$a026.34$223
=245  00$aLaw library plans for the print materials collection.
=246  13$aSurvey of law library plans for the print materials collection
=250  \\$a2018 edition.
=264  \1$a[New York] :$bPrimary Research Group,$c[2018]
=300  \\$a84 pages ;$c28 cm
=336  \\$atext$2rdacontent
=337  \\$aunmediated$2rdamedia
=338  \\$avolume$2rdacarrier
=650  \0$aLaw libraries$xCollection development$zUnited States.
=650  \0$aLibrary surveys$zUnited States.
=710  2\$aPrimary Research Group,$epublisher.
=852  11$aBritish Library$bHMNTS$cSPHOA$kHUR 025.218
=CAT  \\$a9518$b40$c20180305$lBLL01$h1626
=CAT  \\$a9666$b40$c20180426$lBLL01$h1417
=FIN  \\$aY$d20180426
=LAS  \\$a9666$b40$c20180426$lBLL01$h1417

