=LDR  01428 am a2200409 a 4500
=001  018788970
=003  Uk
=005  20180307123503.0
=008  180122s1766\\\\enk\\\\\\\\\\\000\d\eng\c
=FMT  \\$a  BK
=035  \\$a(Uk-ES)006484671
=040  \\$aUk-ES$beng$cUk-ES$edcrmb
=100  1\$aGay, John,$d1685-1732.
=245  14$aThe beggar's opera.$cWritten by Mr. Gay.
=250  \\$aThe tenth edition.
=264  \1$aLondon :$bPrinted for the proprietors, and sold by the booksellers in town and country,$cM.DCC.LXVI [1766]
=300  \\$a62, [2] pages ;$c18 cm (12º)
=336  \\$atext$2rdacontent
=337  \\$aunmediated$2rdamedia
=338  \\$avolume$2rdacarrier
=340  \\$m12mo$2rdabf
=500  \\$aWith headpiece and tailpiece.
=500  \\$aWith a "Table of the songs" on the final leaf.
=500  \\$aSignatures: A-E⁶ F².
=510  4\$aESTC,$cT506740
=650  \0$aBallad operas$vLibrettos$vEarly works to 1800.
=655  \7$aLibrettos.$2rbgenr
=752  \\$aGreat Britain$bEngland$dLondon.
=852  41$aBritish Library$bHMNTS$qRB.23.a.38071.(6)
=985  \\$aCorrected by MS generated file for WR# 1805-0738
=CAT  \\$a14940$b40$c20180307$lBLL01$h1235
=CAT  \\$aBATCH-ROF$b00$c20180310$lBLL01$h1754
=CAT  \\$a1805-0738$c20190111$lBLL01$h1812
=CAT  \\$a1805-0738$b00$c20190111$lBLL01$h1831
=FIN  \\$aY$d20180307
=SRC  \\$aESTC
=LAS  \\$a1805-0738$b00$c20190111$lBLL01$h1831

