=LDR  01773cem a2200445 i 4500
=001  018797452
=003  Uk
=005  20230223164512.0
=007  aj\canzn
=008  180314s1924\\\\it\ag\\\\\a\\\\\1\\\ita\\
=FMT  \\$a  MP
=034  1\$aa$b25000$dE0102500$eE0135500$fN0470700$gN0463000$2bound
=040  \\$aUk$beng$cUk$erda
=042  \\$aukblsr
=082  04$a912.45$223
=082  04$a912.436$223
=110  2\$aIstituto geografico militare.
=245  10$aCarta della linea di confine e zone limitrofe :$brilievi eseguiti negli anni 1921 - 22 - 23 /$cCommissione Internazionale Confine Italo-Austriaco, Delegazione Italiana.
=255  \\$aScale 1:25,000$c(E 10°25'00"--E 13°55'00"/N 47°07'00"--N 46°30'00").
=264  \1$aFirenze :$bIstituto Geografico Militare,$c1924.
=300  \\$a1 map on 40 sheets :$bcolour ;$csheets 79 x 95 cm
=336  \\$acartographic image$2rdacontent
=337  \\$aunmediated$2rdamedia
=338  \\$asheet$2rdacarrier
=500  \\$aRelief shown by contours and spot heights.
=500  \\$aIncludes lists of place names in Italian and German and location map on covering sheet at 1:400,000.
=500  \\$aSome sheets include maps and diagrams at different scales.
=651  \0$aItaly$vMaps.
=651  \0$aAustria$vMaps.
=651  \0$aItaly$xBoundaries$zAustria.
=651  \0$aAustria$xBoundaries$zItaly.
=655  \7$aMaps.$2fast$0(OCoLC)fst01423704
=852  41$aBritish Library$bMAPS$iMaps Y.3795.
=985  \\$aUpdated by MS generated file for WR2302-017
=CAT  \\$a7914$b40$c20180314$lBLL01$h1224
=CAT  \\$a7914$b40$c20180314$lBLL01$h1350
=CAT  \\$a7914$b40$c20180314$lBLL01$h1625
=CAT  \\$aW2302-0174$c20230223$lBLL01$h2020
=FIN  \\$aY$d20180314
=LAS  \\$aW2302-0174$b00$c20230223$lBLL01$h2020

