=LDR  01403cem a2200373 i 4500
=001  018798712
=003  Uk
=005  20230223164515.0
=007  aj\canzn
=008  180315s1955\\\\gw\bcg\\\\a\\\\\0\\\ger\\
=FMT  \\$a  MP
=034  1\$aa$b250000$dE0114702$eE0132456$fN0510013$gN0501817$2bound
=040  \\$aUk$beng$cUk$erda
=042  \\$aukblsr
=082  04$a912.4321$223
=245  00$aChemnitzer Industriegebiet, westliches Erzgebirge und Vogtland.
=246  33$iPanel title :$aSüdwestsachsen :$bChemnitzer Industriegebiet, Westliches Erzgebirge und Vogtland
=255  \\$aScale 1:250,000$c(E 11°47'02"--E 13°24'56"/N 51°00'13"--N 50°18'17").
=264  \1$aLeipzig :$bVerlagsanstalt List & von Bressendorf,$c[1955]
=300  \\$a1 map :$bcolour ;$c30 x 47 cm
=336  \\$acartographic image$2rdacontent
=337  \\$aunmediated$2rdamedia
=338  \\$asheet$2rdacarrier
=500  \\$aRelief shown by gradient tints, shading and spot heights.
=500  \\$aIncludes inset.
=651  \0$aSaxony (Germany)$vMaps.
=651  \0$aChemnitz Region (Germany)$vMaps.
=655  \7$aMaps.$2fast$0(OCoLC)fst01423704
=852  41$aBritish Library$bMAPS$iMaps X.13199.
=985  \\$aUpdated by MS generated file for WR2302-017
=CAT  \\$a7914$b40$c20180315$lBLL01$h1317
=CAT  \\$aW2302-0174$c20230223$lBLL01$h2020
=FIN  \\$aY$d20180315
=LAS  \\$aW2302-0174$b00$c20230223$lBLL01$h2020

