=LDR  02423 am a2200565 i 4500
=001  018812822
=003  Uk
=005  20190822102543.0
=008  180323t20182018enka\\\\\b\\\\101\0\eng\d
=FMT  \\$a  BK
=015  \\$aGBB860023$2bnb
=016  7\$a018812822$2Uk
=020  \\$a9781107192577 (hbk.) :$c£95.00
=035  \\$a(UkCU)991006329721703606
=035  \\$a(Uk)018812822
=040  \\$aStDuBDS$beng$cStDuBDS$dUkCU$erda
=042  \\$aukscp
=082  04$a523.02$223
=110  2\$aInternational Astronomical Union.$bSymposium$n(332nd :$d2017 :$cPuerto Varas, Chile)$ecreator.
=245  10$aAstrochemistry VII :$bthrough the cosmos from galaxies to planets : proceedings of the 332nd symposium of the International Astronomical Union held in Puerto Varas, Chile March 20-24, 2017 /$cedited by Maria Cunningham (Schools of Physics, University of New South Wales), Tom Millar (School of Maths and Physics, Queen's University Belfast), and Yuri Aikawa (Department of Astronomy, University of Tokyo).
=264  \1$aCambridge :$bCambridge University Press,$c2018.
=264  \4$c©2018
=300  \\$axx, 441 pages :$billustrations ;$c26 cm.
=336  \\$atext$2rdacontent
=337  \\$aunmediated$2rdamedia
=338  \\$avolume$2rdacarrier
=490  1\$aProceedings of the International Astronomical Union symposia and colloquia,$x1743-9213
=500  \\$a"IAU Symposium 332"--Half title page.
=504  \\$aIncludes bibliographical references and index.
=650  \0$aCosmochemistry$vCongresses.
=650  \7$2asth$aCONFERENCES.
=650  \7$2asth$aCOSMOCHEMISTRY.
=700  1\$aCunningham, Maria,$eeditor.
=700  1\$aMillar, Tom,$eeditor.
=700  1\$aAikawa, Yuri,$eeditor.
=830  \0$aIAU symposium and colloquium proceedings series.
=852  11$aBritish Library$bSTI$k(B) 523.02
=985  \\$aLDL record matched & merged
=CAT  \\$aBATCH-CIPN$b00$c20180327$lBLL01$h1700
=CAT  \\$aBATCH-LDLE$b00$c20190408$lBLL01$h2125
=CAT  \\$c20190408$lBLL01$h2125
=CAT  \\$aBATCH-UPD$b00$c20190408$lBLL01$h2126
=CAT  \\$aBATCH-LDLL$b00$c20190408$lBLL01$h2126
=CAT  \\$aBATCH-LDL4$b00$c20190408$lBLL01$h2126
=CAT  \\$aBATCH-UPD$b00$c20190408$lBLL01$h2127
=CAT  \\$aBATCH-016$c20190410$lBLL01$h2223
=CAT  \\$a9666$b40$c20190822$lBLL01$h1024
=CAT  \\$a9666$b40$c20190822$lBLL01$h1025
=FIN  \\$aY$d20190822
=LAS  \\$a9666$b40$c20190822$lBLL01$h1025

