=LDR  01264 am a22002653i 4500
=001  018816280
=003  Uk
=005  20180620140255.0
=008  180329s1801\\\\enk\\\\\\\\\\\000\0\eng\\
=FMT  \\$a  BK
=040  \\$aUk$beng$cUk$erda
=245  00$aTheatre Royal, Covent-Garden, tomorrow, Friday, March 27, 1801, will be repeated the grand selection, Part I. Overture - Esther. The Grand Dettingen Te Deum ... Part II the first act of the Creation, composed by Dr. Haydn. Part III. Grand miscellaneous act. Chiefly from the most favorite [sic] works of Handel ... Martin Luther's hymn ...
=264  \1$a[London]:$bPrinted by E. Macleish, no. 2, Bow-street, Covent-Garden,$c[1801]
=300  \\$a1 sheet ([1] page);$c23 x 16 cm.
=336  \\$atext$2rdacontent
=337  \\$aunmediated$2rdamedia
=338  \\$avolume$2rdacarrier
=500  \\$aAt head of title: Last night - Oratorios at play-house prices.
=500  \\$aWith a list of the principal vocal performers.
=650  \0$aOratorios
=852  41$aBritish Library$bHMNTS$qCopy at XXXX. Damaged: small piece missing affecting the letter 'D' in Dettingen.
=CAT  \\$a8565$b40$c20180329$lBLL01$h1143
=CAT  \\$a4938$b40$c20180620$lBLL01$h1402
=FIN  \\$aY$d20180620
=LAS  \\$a4938$b40$c20180620$lBLL01$h1402

