=LDR  01365pam a2200397 i 4500
=001  018862752
=003  Uk
=005  20190213114025.0
=008  180410s2018\\\\mdu\\\\\\b\\\\001|0|eng|d
=FMT  \\$a  BK
=015  \\$aGBB885255$2bnb
=016  7\$a018862752$2Uk
=020  \\$a9781498574709 (hbk.) :$c£54.95
=020  \\$z9781498574716 (ePub ebook) :$cNo price
=040  \\$aStDuBDS$beng$cStDuBDS$dUk$erda
=042  \\$aukblcatcopy
=082  04$a070.4$223
=100  1\$aMin, Seong-Jae,$d1974-$eauthor.
=245  10$aAs democracy goes, so does journalism :$bevolution of journalism in liberal, deliberative, and participatory democracy /$cSeong Jae Min.
=264  \1$aLanham :$bLexington Books,$c2018.
=300  \\$avii, 115 pages ;$c24 cm
=336  \\$atext$2rdacontent
=337  \\$aunmediated$2rdamedia
=338  \\$avolume$2rdacarrier
=504  \\$aIncludes bibliographical references and index.
=530  \\$aAlso published electronically.
=500  \\$aFormerly CIP.$5Uk
=650  \0$aJournalism$xPolitical aspects.
=650  \0$aPress and politics.
=650  \0$aDemocracy.
=776  08$iebook version :$z9781498574716
=852  11$aBritish Library$bHMNTS$cSPHOA$kNRR 070.4
=CAT  \\$aBATCH-CIPN$b00$c20180508$lBLL01$h1753
=CAT  \\$a10904$b40$c20190213$lBLL01$h1140
=FIN  \\$aY$d20190213
=LAS  \\$a10904$b40$c20190213$lBLL01$h1140

