=LDR  01317 as a22003617i 4500
=001  018878402
=003  Uk
=005  20180524122934.0
=007  ta
=008  141120c19uu9999enkuu\\\\\\\\\0\\\a0eng\\
=FMT  \\$a  SE
=040  \\$aUk$beng$cUk$erda
=082  04$a338.76$223
=110  2\$aHardy Amies (Firm),$eauthor.
=245  10$a[Annual reports, financial reports, etc.] /$cHardy Amies plc.
=246  13$aFinancial statements
=264  \1$aLondon :$bHardy Amies
=336  \\$atext$2rdacontent
=337  \\$aunmediated$2rdamedia
=338  \\$avolume$2rdacarrier
=500  \\$aIncludes strategic and forecasting reports where available.
=588  \\$aDescription based on: Financial statements, 31 December 2005.
=610  20$aHardy Amies (Firm)$vPeriodicals.
=650  \0$aCorporation reports$zGreat Britain$vPeriodicals.
=650  \0$aBusiness planning$zGreat Britain$vPeriodicals.
=690  7\$aManagement and Business Studies$2blcoll
=852  41$aBritish Library$bSTI$cBIPC$kBIS$32005
=985  \\$aCompany corporate and financial reports record.
=CAT  \\$a8124$b40$c20180524$lBLL01$h1229
=CAT  \\$aBATCH-MBS$c20180608$lBLL01$h2105
=FIN  \\$aY$d20180524
=LET  \0$aCompany reports of operating and financial results for Hardy Amies (Firm)
=LAS  \\$aBATCH-MBS$b00$c20180608$lBLL01$h2105

