=LDR  01688 am a2200481 i 4500
=001  018975570
=003  Uk
=005  20191204175209.0
=008  180109s2018\\\\nyua\\\\\\\\\\001\0\eng\d
=FMT  \\$a  BK
=010  \\$a  2018933443
=015  \\$aGBB9J8223$2bnb
=020  \\$a9781944860127$qpaperback
=020  \\$a1944860126$qpaperback
=035  \\$a(OCoLC)1018225074
=040  \\$aYDX$beng$cYDX$dBDX$dCLE$dORX$dUk$erda
=042  \\$aukblsr
=050  \4$aML2075$b.H637 2018
=082  04$a781.542$223
=100  1\$aHollander, David,$d1968-$eauthor.
=245  10$aUnusual sounds :$bthe hidden history of library music /$cby David Hollander ; edited by Mark Iosifescu and Dominic Masi, Jr. ; additional texts by by Mark Iosifescu.
=250  \\$aFirst edition.
=264  \1$aNew York :$bAnthology Editions,$c[2018]
=300  \\$a331 pages :$billustrations (black and white, and colour) ;$c27 cm
=336  \\$atext$2rdacontent
=336  \\$astill image$2rdacontent
=337  \\$aunmediated$2rdamedia
=338  \\$avolume$2rdacarrier
=500  \\$aIncludes index.
=650  \0$aMotion picture music$xHistory.
=650  \0$aFilm soundtracks$xHistory.
=650  \0$aTelevision music$xHistory.
=650  \0$aSound recording industry$xHistory.
=650  \0$aSound recording libraries$xHistory.
=700  1\$aIosifescu, Mark,$eauthor,$eeditor.
=700  1\$aMasi, Dominic,$cJr.,$eeditor.
=852  11$aBritish Library$bHMNTS$kHUS$h781.54
=CAT  \\$a6503$b40$c20180712$lBLL01$h1501
=CAT  \\$a5751$b40$c20191204$lBLL01$h1359
=CAT  \\$a7416$b40$c20191204$lBLL01$h1752
=FIN  \\$aY$d20191204
=SID  \\$aZ39$bOCLC
=LAS  \\$a7416$b40$c20191204$lBLL01$h1752

