=LDR  01597 as a2200433 i 4500
=001  019025072
=003  Uk
=005  20180831110203.0
=007  ta
=008  180821c20189999enkqr\p\\\\\\\0\\\a0eng\\
=FMT  \\$a  SE
=022  0\$a2631-4703$y2054-2348$202
=040  \\$aUk$beng$cUk$erda
=042  \\$aukblsr$aissnuk
=082  04$a381.456960284$223
=222  \0$aTalking trade
=245  00$aTalking trade :$bthe official customer magazine form Wolseley.
=264  \1$aLondon :$bRedactive Publishing Ltd,$c2018-
=300  \\$billustrations (black and white, and colour) ;$c27 cm
=310  \\$aQuarterly
=336  \\$atext$2rdacontent
=337  \\$aunmediated$2rdamedia
=338  \\$avolume$2rdacarrier
=362  0\$aIssue 22 (summer 2018)-
=610  20$aWolseley UK Limited$vPeriodicals.
=650  \0$aPlumbing$xEquipment and supplies$vPeriodicals.
=650  \0$aPlumbing industry$zGreat Britain$vPeriodicals.
=650  \0$aHeating$xEquipment and supplies$vPeriodicals.
=650  \0$aHeat engineering$zGreat Britain$vPeriodicals.
=690  7\$aManagement and Business Studies$2blcoll
=710  2\$aWolseley UK Limited,$eissuing body.
=780  00$tPlumb parts$x2054-2348
=852  11$aBritish Library$bSTI$cBIPC$kTrade Literature Collection$3Issue 22 (summer 2018)-issue 25 Spring/Summer (2019)
=CAT  \\$a8323$b40$c20180821$lBLL01$h0834
=CAT  \\$aBATCH-MBS$c20180824$lBLL01$h2121
=CAT  \\$a10973$b40$c20180831$lBLL01$h1102
=FIN  \\$aY$d20180821
=LKR  \\$aPAR$b016528872$lBLL01$nPlumb parts$mTalking trade$r78000
=LAS  \\$a10973$b40$c20180831$lBLL01$h1102

