=LDR  02350cam a2200529 i 4500
=001  019052229
=003  Uk
=005  20190507082742.0
=008  171127s2018\\\\nyua\\\\\b\\\\001\0\eng\\
=FMT  \\$a  BK
=010  \\$a  2017056807
=016  7\$a101717408$2DNLM
=020  \\$a9780826140098
=020  \\$a0826140092
=020  \\$z9780826140227 (e-book)
=035  \\$a(OCoLC)1013595763$z(OCoLC)1009151448
=040  \\$aNLM$beng$cNLM$dDLC$dYDX$dBDX$dMHD$dNLM$dOCLCO$dOCLCF$dOCLCO$dUk$dVET$dOCLCA$erda
=042  \\$aukblderived
=050  00$aRD32.3
=060  00$a2018 E-590
=060  10$aWY 162
=060  \4$aWY 162$bC932 2018
=082  00$a617.9/1$223
=100  1\$aCriscitelli, Theresa,$eauthor.
=245  10$aFast facts for the operating room nurse :$ban orientation and care guide /$cTheresa Criscitelli.
=250  \\$aSecond edition.
=264  \1$aNew York, NY :$bSpringer Publishing Company, LLC,$c[2018]
=300  \\$axx, 192 pages :$billustrations ;$c20 cm.
=336  \\$atext$2rdacontent
=337  \\$aunmediated$2rdamedia
=338  \\$avolume$2rdacarrier
=490  1\$aFast facts
=504  \\$aIncludes bibliographical references and index.
=505  0\$aSurgical attire -- Preoperative considerations -- Patient positioning -- Surgical skin preparation -- Draping the patient for surgery -- Operating room environment requirements -- Sterile technique -- Sterilization and central processing -- Surgical supplies -- Basic surgical procedures -- Surgical instrumentation -- Electrosurgery -- Surgical energy and stapling devices -- Surgical dressings -- Medications -- Anesthesia -- Complications and emergencies in the operating room -- Legal aspects of operating room practice.
=650  \0$aOperating room nursing$vHandbooks, manuals, etc.
=650  \7$aOperating room nursing.$2fast$0(OCoLC)fst01046255
=650  12$aOperating Room Nursing$xmethods.
=650  22$aPerioperative Care$xmethods.
=655  \7$aHandbooks and manuals.$2fast$0(OCoLC)fst01423877
=830  \0$aFast facts (Springer Publishing Company)
=852  11$aBritish Library$bHMNTS$k(B)$h617.9/1
=CAT  \\$a6503$b40$c20180914$lBLL01$h0949
=CAT  \\$a11131$b40$c20190507$lBLL01$h0827
=CAT  \\$aW2308-1659$c20230923$lBLL01$h0958
=FIN  \\$aY$d20190507
=SID  \\$aZ39$bOCLC
=LAS  \\$aW2308-1659$b00$c20230923$lBLL01$h0958

