=LDR  00943 cm a22002413i 4500
=001  019085346
=003  Uk
=005  20181015114816.0
=008  181012s2017\\\\xxu\\m\\\\\\\\\\\\\\\\\\d
=FMT  \\$a  MU
=028  30$aCN 108$bClarNan Editions
=035  \\$a(GyWOH)har175021128
=040  \\$aGyWOH$beng$cGyWOH
=100  1\$aPrice, Florence,$d1887-1953.
=245  10$aThree Negro spirituals for violin and piano$carranged by Florence B. Price ; edited by Barbara Garvey Jackson.
=260  \\$aFayetteville, AR :$bClarNan Editions,$c[2017].
=300  \\$a1 score (iii, 15 pages) + 1 part (6 pages) ;$c28 cm.
=500  \\$aPreface and editorial notes in English.
=505  0\$aContents: O Holy Lord - Sometimes I feel like a motherless child - Lord I want to be a Christian.
=852  41$aBritish Library$bDSC$cMUSIC
=CAT  \\$aBATCH-HARR$b00$c20181015$lBLL01$h1148
=SRC  \\$aHarrassowitz - Supplier
=LAS  \\$aBATCH-HARR$b00$c20181015$lBLL01$h1148

