=LDR  02084 am a2200457 i 4500
=001  019085568
=003  Uk
=005  20181107082009.0
=008  121022s2012\\\\enka\\\\\\\\\\000\0\eng\d
=FMT  \\$a  BK
=020  \\$a1906280355
=020  \\$a9781906280352
=035  \\$a(OCoLC)813928893
=040  \\$aYDXCP$beng$cYDXCP$dAUD$dOCLCO$dOCLCQ$dNZ1$dOCLCF$dIMF$dNZAUC$dFHL$dOCLCQ$dUk$erda
=042  \\$aukblderived
=043  \\$ae-uk---
=082  04$a929.34256$222
=100  1\$aWormleighton, Tim.
=245  10$aTitle deeds for family historians /$cTim Wormleighton.
=264  \1$aBUry, Lancashire :$bThe Family History Partnership,$c2012.
=300  \\$a32 pages :$billustrations ;$c21 cm
=336  \\$atext$btxt$2rdacontent
=337  \\$aunmediated$bn$2rdamedia
=338  \\$avolume$bnc$2rdacarrier
=505  0\$aWhat are title deeds? -- Medieval deeds -- Post-Medieval deeds -- How to recognise the key sections.
=520  \\$a"Title deeds represent one of the largest groups of historical documents preserved in hundreds of archive repositories, both public and private, across England and Wales ... In this publication, the author describes the most commonly encountered forms of title deeds and associated documents and provides a set of simple rules that allows the reader to decipher and understand the information they contain in plain terms"--Back cover.
=650  \0$aDeeds$zEngland$vSources.
=650  \0$aDeeds$zWales$vSources.
=650  \7$aDeeds.$2fast$0(OCoLC)fst00889460
=651  \7$aEngland.$2fast$0(OCoLC)fst01219920
=651  \7$aWales.$2fast$0(OCoLC)fst01207649
=651  \7$aEngland$xLand and property$xHandbooks, manuals, etc.$2fssh
=651  \7$aEngland$xGenealogy$xHandbooks, manuals, etc.$2fssh
=655  \7$aSources.$2fast$0(OCoLC)fst01423900
=710  2\$aFamily History Partnership (Organization)
=852  11$aBritish Library$bHMNTS$kMSS$h929.1
=CAT  \\$a9518$b40$c20181016$lBLL01$h0914
=CAT  \\$a11131$b40$c20181107$lBLL01$h0820
=FIN  \\$aY$d20181107
=SID  \\$aZ39$bOCLC
=LAS  \\$a11131$b40$c20181107$lBLL01$h0820

