=LDR  01531 am a2200445 i 4500
=001  019118361
=003  Uk
=005  20191211140801.0
=008  180124t20182018enkab\\\\\\\\\000\0\eng\d
=FMT  \\$a  BK
=010  \\$a  2018411747
=020  \\$a9781849944649$q(hardback)
=020  \\$a1849944644$q(hardback)
=035  \\$a(OCoLC)on1004268545
=040  \\$aYDX$beng$cYDX$dBDX$dCDX$dUAB$dOCLCF$dUk$dDLC$erda
=042  \\$aukblderived
=043  \\$ae-uk-en
=050  00$aDA684.25$b.D36 2018
=082  04$a942.1$223
=100  1\$aDant, Adam,$eauthor,$eartist.
=245  10$aMaps of London & beyond /$cAdam Dant.
=246  18$aMaps of London and beyond
=264  \1$aLondon :$bBatsford,$c2018.
=264  \4$c©2018
=300  \\$a112 pages :$billustrations (chiefly color), maps (chiefly color) ;$c31 x 41 cm
=336  \\$atext$btxt$2rdacontent
=336  \\$astill image$bsti$2rdacontent
=336  \\$acartographic image$bcri$2rdacontent
=337  \\$aunmediated$bn$2rdamedia
=338  \\$avolume$bnc$2rdacarrier
=500  \\$aPublished in association with Spitalfields Life Books.
=651  \0$aLondon (England)$xHistory$vPictorial works.
=651  \0$aLondon (England)$xSocial life and customs$vPictorial works.
=651  \0$aLondon (England)$vPictorial works.
=852  41$aBritish Library$bMAPS$kMaps Ref G.4$h(London)
=CAT  \\$aBATCH-CIPN$b00$c20181106$lBLL01$h1707
=CAT  \\$a11131$b40$c20191211$lBLL01$h1408
=FIN  \\$aY$d20191211
=SRC  \\$aBLL02
=LAS  \\$a11131$b40$c20191211$lBLL01$h1408

