=LDR  01424pam a2200397 i 4500
=001  019131193
=003  Uk
=005  20190207094322.0
=008  181113s2018\\\\enk\\\\\\b\\\\001\0\eng\d
=FMT  \\$a  BK
=015  \\$aGBB8L2867$2bnb
=016  7\$a019131193$2Uk
=020  \\$a9780198823308$qhardback :$c£175.00
=040  \\$aStDuBDS$beng$cStDuBDS$dUk$erda
=042  \\$aukblsr
=082  04$a347.42077$223
=130  0\$aCivil costs.
=245  10$aFriston on costs /$cgeneral editor, Dr Mark Friston MA (Cantab), MB BChir, MRCP, FIILPM (Hon), Barrister of The Middle Temple ; contributors, Mr Ronald J Baker [and thirty-one others].
=250  \\$aThird edition.
=264  \1$aOxford :$bOxford University Press,$c2018.
=300  \\$aclxiii, 2138 pages ;$c26 cm
=336  \\$atext$2rdacontent
=337  \\$aunmediated$2rdamedia
=338  \\$avolume$2rdacarrier
=500  \\$aRevised edition of: Civil costs. Bristol : Jordans, 2010.
=504  \\$aIncludes bibliographical references and index.
=500  \\$aFormerly CIP.$5Uk
=650  \0$aCosts (Law)$zEngland.
=650  \0$aCosts (Law)$zWales.
=700  1\$aFriston, Mark,$eeditor.
=852  41$aBritish Library$bHMNTS$kOPL$h347.98$mOpen Access
=CAT  \\$aBATCH-CIPN$b00$c20181120$lBLL01$h1700
=CAT  \\$a11469$b40$c20190206$lBLL01$h0831
=CAT  \\$a5751$b40$c20190207$lBLL01$h0943
=FIN  \\$aY$d20190207
=LAS  \\$a5751$b40$c20190207$lBLL01$h0943

