=LDR  01207 am a2200361 i 4500
=001  019140980
=003  Uk
=005  20181120164625.0
=008  991005s1961\\\\wlk\\\\\\\\\\\001\0\wel\c
=FMT  \\$a  BK
=015  \\$aGBB8L8806$2bnb
=020  \\$cNo price$qpaperback
=035  \\$a(WlAbNL)9926474002419
=035  \\$a(WlAbNL)1291824-44whelf_nlw
=035  \\$a(WlAbNL)vtls001291824$9ExL
=035  \\$a(WlAbNL)LLGCb11298961
=035  \\$aLLGCH11298978/11536542
=035  \\$a(WlAbNL)vtls001148068-44whelf_nlw
=040  \\$aWlAbNL$beng$cWlAbNL$erda
=042  \\$aukscp
=100  10$aWatkins, T. Arwyn,$eauthor.
=245  10$aIeithyddiaeth :$bAgweddau ar Astudio Iaith /$cT. Arwyn Watkins.
=264  \1$aCaerdydd :$bGwasg Prifysgol Cymru,$c1961.
=300  \\$axii, 260 pages ;$c22 cm
=336  \\$atext$2rdacontent
=337  \\$aunmediated$2rdamedia
=338  \\$avolume$2rdacarrier
=650  \0$aLinguistics.
=852  8\$aBritish Library$bGOGLEDD$cPRINT$hXPB2112.W33$p0186142$xWlAbNL
=985  \\$aLDLSCP record - no ISBN match on import to BLL01
=CAT  \\$aBATCH-LDLN$b00$c20181126$lBLL01$h2117
=CAT  \\$aBATCH-UPD$b00$c20181126$lBLL01$h2118
=LAS  \\$aBATCH-UPD$b00$c20181126$lBLL01$h2118

