=LDR  01686cem a2200457 i 4500
=001  019156508
=003  Uk
=005  20230223165305.0
=007  aj\canzn
=008  181204s1941\\\\et\\\\\\\\a\\\\\0\\\ita\\
=FMT  \\$a  MP
=034  1\$aa$b3000000$dE0324300$eE0515500$fN0195600$gS0051900$2bound
=040  \\$aUk$beng$cUk$erda
=042  \\$aukblsr
=082  04$a912.6$223
=245  00$aRete delle principali comunicazioni stradali dell'impero e delle colonie limitrofe /$cComando Superiore FF. AA. dell A.O.I. Stato Maggiore, Ufficio Operazioni ; compilatore Ten. S. Silvestri.
=255  \\$aScale approximately 1:3,000,000$c(E 32°43'00"--E 51°55'00"/N 19°56'00"--S 5°19'00").
=264  \1$aAddis Abeba :$bComando Superiore FF. AA. dell A.O.I.,$c1941.
=300  \\$a1 map :$bcolour ;$csheet 100 x 69 cm
=336  \\$acartographic image$2rdacontent
=337  \\$aunmediated$2rdamedia
=338  \\$asheet$2rdacarrier
=651  \0$aEthiopia$vMaps.
=651  \0$aEritrea$vMaps.
=651  \0$aSomalia$vMaps.
=651  \0$aKenya$vMaps.
=650  \0$aRoads$zEthiopia$vMaps.
=650  \0$aRoads$zEritrea$vMaps.
=650  \0$aRoads$zSomalia$vMaps.
=650  \0$aRoads$zKenya$vMaps.
=650  \0$aRailroads$zEthiopia$vMaps.
=650  \0$aRailroads$zEritrea$vMaps.
=650  \0$aRailroads$zSomalia$vMaps.
=650  \0$aRailroads$zKenya$vMaps.
=655  \7$aMaps.$2fast$0(OCoLC)fst01423704
=852  41$aBritish Library$bMAPS$mMaps X.14883.
=985  \\$aUpdated by MS generated file for WR2302-017
=CAT  \\$a7914$b40$c20181204$lBLL01$h1224
=CAT  \\$aW2302-0174$c20230223$lBLL01$h2027
=FIN  \\$aY$d20181204
=LAS  \\$aW2302-0174$b00$c20230223$lBLL01$h2027

