=LDR  01789pam a2200505 i 4500
=001  019173863
=003  Uk
=005  20190215151002.0
=008  180827s2019\\\\nyuag\\\\b\\\\001\0\eng\c
=FMT  \\$a  BK
=010  \\$a  2018041098
=015  \\$aGBB8N5197$2bnb
=016  7\$a019173863$2Uk
=020  \\$a9781138245341 (hbk.) :$c£110.00
=020  \\$a9781138245358 (pbk.) :$c£32.99
=020  \\$z9781351995863 (ePub ebook) :$c£39.58
=020  \\$z9781351995870 (PDF ebook) :$c£39.58
=020  \\$z9781351995856 (Mobipocket ebook) :$c£39.58
=020  \\$z9781315276274 (ebook) :$c£39.58
=040  \\$aStDuBDS$beng$cStDuBDS$dUk$erda
=042  \\$aukblcatcopy
=050  00$aML2075$b.M87552 2019
=082  00$a781.5/42$223
=245  00$aMusic and sound in silent film from the nickelodeon to the artist /$cSimon Trezise and Ruth Barton.
=264  \1$aNew York :$bRoutledge,$c2019.
=300  \\$axi, 214 pages :$billustrations ;$c24 cm.
=336  \\$astill image$2rdacontent
=336  \\$atext$btxt$2rdacontent
=337  \\$aunmediated$bn$2rdamedia
=338  \\$avolume$bnc$2rdacarrier
=490  1\$aRoutledge music and screen media series
=530  \\$aAlso published electronically.
=504  \\$aIncludes bibliographical references and index.
=500  \\$aFormerly CIP.$5Uk
=650  \0$aSilent film music$xHistory and criticism.
=776  08$iebook version :$z9781351995863
=700  1\$aTrezise, Simon,$eeditor.
=700  1\$aBarton, Ruth,$eeditor.
=830  \0$aRoutledge music and screen media series.
=852  11$aBritish Library$bHMNTS$cSPHOA$kHUS 781.542
=CAT  \\$aBATCH-CIPN$b00$c20181211$lBLL01$h1700
=CAT  \\$a11002$b40$c20190215$lBLL01$h1510
=FIN  \\$aY$d20190215
=SRC  \\$aBLL02
=LAS  \\$a11002$b40$c20190215$lBLL01$h1510

