=LDR  00992 am a2200289   4500
=001  019229251
=003  Uk
=005  20190415090706.0
=008  190312s1786\\\\enk\\\\\\\\\\\000\0\eng\c
=FMT  \\$a  BK
=035  \\$a(Uk-ES)006485118
=040  \\$aUk-ES$beng$cUk-ES$edcrmb
=245  04$aThe times of the several posts coming [to], and going from, the city of York.
=260  \\$a[York? :$bs.n.,$c1786?]
=300  \\$a1 sheet ([1] p.) ;$c18 cm (obl. 1/2⁰)
=500  \\$aText in two columns.
=500  \\$aAt head of sheet: December 5, 1786.
=510  4\$aESTC,$cT507202
=650  \0$aPostal service$zEngland$zYork$vEarly works to 1800.
=655  \7$aBroadsides.$2rbgenr
=752  \\$aGreat Britain$bEngland$dYork.
=852  41$aBritish Library$bHMNTS$qCopy at HS.74/2447(5). Imperfect: Torn, affecting title.
=CAT  \\$a8565$b40$c20190131$lBLL01$h0952
=CAT  \\$a14589$b40$c20190415$lBLL01$h0907
=FIN  \\$aY$d20190415
=SRC  \\$aESTC
=LAS  \\$a14589$b40$c20190415$lBLL01$h0907

