=LDR  01353 am a2200373 i 4500
=001  019229452
=003  Uk
=005  20190225103900.0
=008  190131s2018\\\\coua\\\\\be\\|0|1\0|eng\\
=FMT  \\$a  BK
=010  \\$a2018960581
=020  \\$a9780997333336
=040  \\$aUk$beng$cUk$erda
=042  \\$aukblsr
=100  1\$aSutton, Allan,$eauthor.
=245  10$aAmerican record companies and producers, 1888-1950 :$ban encyclopedic history /$cAllan Sutton.
=250  \\$aFirst edition.
=264  \1$aDenver, Colorado :$bMainspring Press,$c[2018]
=300  \\$axxvi, 731 pages :$billustrations (black and white) ;$c27 cm
=336  \\$atext$2rdacontent
=337  \\$aunmediated$2rdamedia
=338  \\$avolume$2rdacarrier
=500  \\$aLimited edition of 300 copies.
=504  \\$aIncludes bibliographical references and indexes.
=650  \0$aRecord labels$zUnited States$vEncyclopedias.
=650  \0$aRecord labels$zUnited States$xHistory.
=650  \0$aSound recording industry$zUnited States$vEncyclopedias.
=650  \0$aSound recording industry$zUnited States$xHistory.
=852  11$aBritish Library$bHMNTS$cSPHOA$kHUS 380145
=CAT  \\$a6503$b40$c20190131$lBLL01$h1538
=CAT  \\$aBATCH-UPD$b40$c20190131$lBLL01$h1539
=CAT  \\$a8964$b40$c20190225$lBLL01$h1039
=FIN  \\$aY$d20190225
=LAS  \\$a8964$b40$c20190225$lBLL01$h1039

