=LDR  01296pam a2200397 i 4500
=001  019345443
=003  Uk
=005  20191026072055.0
=008  190204s2019\\\\enka\\\\\\\\\\000|0|eng|d
=FMT  \\$a  BK
=015  \\$aGBB960631$2bnb
=016  7\$a019345443$2Uk
=020  \\$a9780349009827 (pbk.) :$c£14.99
=020  \\$z9780349009834 (ePub ebook) :$c£14.99
=040  \\$aStDuBDS$beng$cStDuBDS$dUk$erda
=042  \\$aukblcatcopy
=082  04$a782.4216609252$223
=100  1\$aRaphael, Amy,$eauthor.
=245  12$aA seat at the table :$binterviews with women on the frontline of music /$cAmy Raphael.
=264  \1$aLondon :$bVirago,$c2019.
=300  \\$a294 pages :$billustrations (black and white) ;$c24 cm
=336  \\$atext$2rdacontent
=336  \\$astill image$2rdacontent
=337  \\$aunmediated$2rdamedia
=338  \\$avolume$2rdacarrier
=500  \\$aFormerly CIP.$5Uk
=530  \\$aAlso published electronically.
=650  \0$aWomen rock musicians.
=776  08$iebook version :$z9780349009834
=852  11$aBritish Library$bHMNTS$kHUS$h789.30082
=CAT  \\$aBATCH-CIPN$b00$c20190402$lBLL01$h1700
=CAT  \\$a10904$b40$c20191026$lBLL01$h0720
=EXP  \\$aX$d20191202
=FIN  \\$aY$d20191026
=SRC  \\$aBDZ$bblihback
=LAS  \\$a10904$b40$c20191026$lBLL01$h0720

