=LDR  01691cem a2200457 i 4500
=001  019377823
=003  Uk
=005  20230223170728.0
=007  aj\canzn
=008  190426t20072007sa\cg\\\\\a\\\\\1\\\eng\\
=FMT  \\$a  MP
=020  \\$a9781868098408
=034  1\$aa$b1300000$dE0174000$eE0243000$fS0302000$gS0345500$2bound
=040  \\$aUk$beng$cUk$erda
=042  \\$aukblsr
=082  04$a912.6873$223
=110  2\$aMap Studio (Firm),$ecartographer.
=245  10$aWestern Cape /$cMap Studio.
=246  3\$aMapStudio pocket map, Western Cape
=250  \\$a4th edition.
=255  \\$aScale 1:1,300,000$c(E 17°40'00"--E 24°30'00"/S 30°20'00"--S 34°55'00").
=264  \1$a[South Africa] :$bMap Studio,$c[2007]
=264  \4$c©2007
=300  \\$a3 maps on 1 sheet :$bboth sides, colour ;$csheet 42 x 70 cm
=336  \\$acartographic image$2rdacontent
=337  \\$aunmediated$2rdamedia
=338  \\$asheet$2rdacarrier
=500  \\$aRelief shown by gradient tints and spot heights.
=500  \\$aTitle from panel.
=500  \\$aIncludes index, legend and location map.
=505  0\$aWestern Cape, scale 1:1,300,000 -- Table Mountain, scale 1:35,000 -- Winelands, scale 1:170,000.
=650  \0$aTourism$zSouth Africa$zWestern Cape$vMaps.
=651  \0$aWestern Cape (South Africa)$vMaps.
=655  \7$aTourist maps.$2fast$0(OCoLC)fst01423809
=852  41$aBritish Library$bMAPS$lMaps X.15847.
=985  \\$aUpdated by MS generated file for WR2302-017
=CAT  \\$a14317$b40$c20190426$lBLL01$h1408
=CAT  \\$a14317$b40$c20190426$lBLL01$h1410
=CAT  \\$aW2302-0174$c20230223$lBLL01$h2038
=FIN  \\$aY$d20190426
=LAS  \\$aW2302-0174$b00$c20230223$lBLL01$h2038

