=LDR  01494pam a2200409 i 4500
=001  019395686
=003  Uk
=005  20190822101357.0
=008  190429s2019\\\\ii\abf\\\b\\\|0|1\0|eng\\
=FMT  \\$a  BK
=015  \\$aGBB985109$2bnb
=016  7\$a019395686$2Uk
=020  \\$a9789352700325$qpaperback
=040  \\$aStDuBDS$beng$cStDuBDS$dUk$erda
=042  \\$aukblsr
=082  04$a616.46206$223
=245  00$aSadikot's international textbook of diabetes /$ceditor-in-chief, Kamlakar Tripathi ; managing editor, Banshi Saboo ; foreword, Jitendra Singh.
=250  \\$aFirst edition.
=264  \1$aNew Delhi :$bJaypee Brothers,$c2019.
=300  \\$axxxv, 928 pages, 36 unnumbered pages of plates :$billustrations (black and white, and colour), maps (black and white, and colour) ;$c27 cm
=336  \\$astill image$2rdacontent
=336  \\$atext$2rdacontent
=337  \\$aunmediated$2rdamedia
=338  \\$avolume$2rdacarrier
=504  \\$aIncludes bibliographical references and index.
=500  \\$aFormerly CIP.$5Uk
=650  \0$aDiabetes$xDiagnosis.
=650  \0$aDiabetes$xTreatment.
=700  1\$aTripathi, Kamlakar,$eeditor.
=700  1\$aSaboo, Banshi,$eeditor.
=852  11$aBritish Library$bSTI$k(B) 616.46206
=CAT  \\$aBATCH-CIPN$b00$c20190507$lBLL01$h1725
=CAT  \\$a10812$b40$c20190820$lBLL01$h1206
=CAT  \\$a9666$b40$c20190822$lBLL01$h1012
=CAT  \\$a9666$b40$c20190822$lBLL01$h1013
=FIN  \\$aY$d20190822
=LAS  \\$a9666$b40$c20190822$lBLL01$h1013

