=LDR  01093 am a2200265 i 4500
=001  019407137
=003  Uk
=005  20190517114635.0
=008  190517s1818\\\\enk\\\\\\\\\\\000\0\eng\\
=FMT  \\$a  BK
=040  \\$aUk$beng$cUk$erda
=042  \\$aukblsr
=110  2\$aCovent Garden Theatre.
=245  10$aTheatre Royal, Covent-Garden this present Thursday, Jan. 22, 1818, will be acted Shakspeare's comedy of the Twelfth night; or, What you will ...$bTo which will be added, for the 24th time, a new pantomime, called Harlequin Gulliver or, The Flying island ...
=264  \1$a[London]:$bE. Macleish, printer, 2, Bow-street, Covent-Garden,$c[1818]
=300  \\$a1 sheet ([1] page);$c33 x 20 cm.
=336  \\$atext$2rdacontent
=337  \\$aunmediated$2rdamedia
=338  \\$avolume$2rdacarrier
=650  \0$aDrama$y19th century
=650  \0$aPantomime$y19th century
=852  41$aBritish Library$bHMNTS$qCopy at XXXX. Imperfect: closely trimmed at foot of sheet with loss of text.
=CAT  \\$a4938$b40$c20190517$lBLL01$h1146
=FIN  \\$aY$d20190517
=LAS  \\$a4938$b40$c20190517$lBLL01$h1146

