=LDR  01153 am a2200277 i 4500
=001  019421528
=003  Uk
=005  20190531110855.0
=008  190531s1825\\\\enk\\\\\\\\\\\000\0\eng\\
=FMT  \\$a  BK
=040  \\$aUk$beng$cUk$erda
=042  \\$aukblsr
=110  2\$aCovent Garden Theatre.
=245  10$aTheatre Royal, Covent-Garden, this present Thursday, April 14, 1825, will be acted Shakspeare's comedy of As you like it ...$bAfter which (13th time) the revived melo-dramatick entertainment, called Aladdin: or, The Wonderful lamp ...
=264  \1$a[London:$bPrinted by W. Reynolds, 9, Denmark-cour]t, Strand,$c[1825]
=300  \\$a1 sheet ([1] page);$c34 x 21 cm.
=336  \\$atext$2rdacontent
=337  \\$aunmediated$2rdamedia
=338  \\$avolume$2rdacarrier
=650  \0$aDrama$y19th century
=650  \0$aMelodrama, English$y19th century
=852  41$aBritish Library$bHMNTS$qCopy at XXXX. Damaged: Large part missing from lower left corner, with loss of text and most of imprint.
=CAT  \\$a4938$b40$c20190531$lBLL01$h1106
=CAT  \\$a4938$b40$c20190531$lBLL01$h1108
=FIN  \\$aY$d20190531
=LAS  \\$a4938$b40$c20190531$lBLL01$h1108

