=LDR  01143 am a2200265 i 4500
=001  019421587
=003  Uk
=005  20190531125742.0
=008  190531s1827\\\\enk\\\\\\\\\\\000\0\eng\\
=FMT  \\$a  BK
=040  \\$aUk$beng$cUk$erda
=042  \\$aukblsr
=110  2\$aCovent Garden Theatre.
=245  10$aTheatre Royal, Covent-Garden, this present Saturday, April 28, 1827, will be acted the comedy of The Inconstant ...$bAfter which (12th time) a melo-dramatic romantic spectacle, in 2 acts, founded on the fanciful popular adventures of Peter Wilkins, or, The Flying Indians ...
=264  \1$a[London]:$bPrinted by W. Reyn[olds, 9, Denm]ark-court, Strand,$c[1827]
=300  \\$a1 sheet ([1] page);$c33 x 20 cm.
=336  \\$atext$2rdacontent
=337  \\$aunmediated$2rdamedia
=338  \\$avolume$2rdacarrier
=650  \0$aDrama$y19th century
=650  \0$aMelodrama, English$y19th century
=852  41$aBritish Library$bHMNTS$qCopy at XXXX. Damaged: torn with loss of text from final two lines of text and part of the imprint.
=CAT  \\$a4938$b40$c20190531$lBLL01$h1257
=FIN  \\$aY$d20190531
=LAS  \\$a4938$b40$c20190531$lBLL01$h1257

