=LDR  01527cem a2200373 i 4500
=001  019442860
=003  Uk
=005  20230223170853.0
=007  aj\canzn
=008  190621s1978\\\\xxu\\\\\\\b\\\\\0\\\eng\\
=FMT  \\$a  MP
=034  1\$aa$dW1690900$eW0661300$fN0713600$gN0243400$2bound
=040  \\$aUk$beng$cUk$erda
=042  \\$aukblsr
=082  04$a912.73$223
=110  1\$aUnited States.$bGovernment Printing Office,$ecartographer.
=245  10$a[Series of maps showing judicial cirucuits in various states of the United States of America] /$cU.S. Government Printing Office.
=255  \\$aScale not given$c(W 169°09'00"--W 66°13'00"/N 71°36'00"--N 24°34'00").
=264  \1$aUnited States :$bU.S. Government Printing Office,$c1978.
=300  \\$amaps :$bcolour ;$con sheets 27 x 21 cm
=336  \\$acartographic image$2rdacontent
=337  \\$aunmediated$2rdamedia
=338  \\$asheet$2rdacarrier
=500  \\$aIn lower margin of sheet showing Tenth Circuit Wyoming: "U.S. Government Printing Office :1978-733-543/437-31".
=651  \0$aUnited States$vMaps.
=650  \0$aAdministrative and political divisions$zUnited States$vMaps.
=655  \7$aMaps.$2fast$0(OCoLC)fst01423704
=852  41$aBritish Library$bMAPS$mMaps Y.4362.
=985  \\$aUpdated by MS generated file for WR2302-017
=CAT  \\$a7914$b40$c20190621$lBLL01$h1108
=CAT  \\$aCARDOSOB$b40$c20210908$lBLL01$h1714
=CAT  \\$aW2302-0174$c20230223$lBLL01$h2040
=FIN  \\$aY$d20210908
=LAS  \\$aW2302-0174$b00$c20230223$lBLL01$h2040

