=LDR  01290 am a2200289 i 4500
=001  019443684
=003  Uk
=005  20191021142622.0
=008  190624s1831\\\\enk\\\\\\\\\\\000\0\eng\\
=FMT  \\$a  BK
=040  \\$aUk$beng$cUk$erda
=042  \\$aukblsr
=110  2\$aCovent Garden Theatre.
=245  10$aTheatre Royal Covent Garden. In consequence of the decided success of the new grand spectacle, it will be repeated every night. This present Tuesday, May 24, 1831, will be acted (7th time) a new grand historical & military spectacle, (in seven parts) called Napoleon Buonaparte, Captain of Artillery, General and First Consul, Emperor, and exile ...
=264  \1$a[London,$c1831]
=300  \\$a1 folded sheet ([1] page);$c34 x 21 cm.
=336  \\$atext$2rdacontent
=337  \\$aunmediated$2rdamedia
=338  \\$avolume$2rdacarrier
=500  \\$aThe order of the scenery painted expressly for the drama, printed as a separate sheet.
=650  \0$aDrama$y19th century
=852  41$aBritish Library$bHMNTS$qCopy at XXXX. Imperfect: closely cropped at foot with loss of imprint.
=CAT  \\$a4938$b40$c20190624$lBLL01$h1410
=CAT  \\$a4938$b40$c20190624$lBLL01$h1423
=CAT  \\$a4938$b40$c20191021$lBLL01$h1426
=FIN  \\$aY$d20190624
=LAS  \\$a4938$b40$c20191021$lBLL01$h1426

