=LDR  01621 am a22003257i 4500
=001  019457149
=003  Uk
=005  20190703125858.0
=008  190703s1870\\\\enk\\\\\\\\\\\000\p\eng\\
=FMT  \\$a  BK
=040  \\$aUk$beng$cUk$erda
=245  04$aThe Country lass ...
=264  \1$aLondon:$bH. Such, printer & publisher ...,$c[approximately 1870]
=300  \\$a1 sheet ([1] page);$c26 x 19 cm.
=336  \\$atext$2rdacontent
=337  \\$aunmediated$2rdamedia
=338  \\$avolume$2rdacarrier
=500  \\$aThree ballads printed in two columns, with imprint beneath first title. Imprint includes the address of the printer: 177, (late 123), Union Street, Boro'.
=500  \\$aFirst line of first ballad (Be careful in choosing a wife): Now all young men that's going to wed,
=500  \\$aFirst line of second ballad (Old England for ever shall weather the storm): Old England, thy stamina never has yielded,
=500  \\$aFirst line of third ballad (The Country lass): I am a brisk and bonny lass, that's free from care and strife,
=500  \\$aNumbered at foot: 412.
=510  4\$aVaughan Williams Memorial Library. Roud Broadside Index.$c4744 (1st ballad), V1847 (2nd ballad), 606 (3rd ballad).
=650  \0$aBallads, English$zEngland$vTexts$y19th century
=740  0\$aBe careful in choosing a wife
=740  0\$aOld England for ever shall weather the storm
=852  41$aBritish Library$bHMNTS$qCopy at XXXX. Damaged: small piece torn from left hand side of the sheet, with some loss of text.
=CAT  \\$a4938$b40$c20190703$lBLL01$h1258
=FIN  \\$aY$d20190703
=LAS  \\$a4938$b40$c20190703$lBLL01$h1258

