=LDR  01906 am a22004817i 4500
=001  019479170
=003  Uk
=005  20190808105541.0
=008  190723s2019\\\\xxuab\\\\b\\\|1|1\0|eng\d
=FMT  \\$a  BK
=020  \\$a9781629221021$qv. 1$qhardback
=020  \\$a1629221023$qv. 1$qhardback
=020  \\$z9781629221571$qv. 1$qePDF
=020  \\$z9781629221588$qv. 1$qePub
=020  \\$a9781629221038$qv. 2$qhardback
=020  \\$z9781629221595$qv. 2$qePDF
=020  \\$z9781629221601$qv. 2$qePub
=040  \\$aUk$beng$cUk$erda
=050  \4$aE78.O3
=082  04$a977.1$223
=111  2\$aChillicothe Conference on Hopewell Archaeology$n(3rd :$d2016 :$cChillicothe, Ross County, Ohio)
=245  10$aEncountering Hopewell in the twenty-first century, Ohio and beyond /$cedited by Brian G. Redmond, Bret J. Ruby, and Jarrod Burks.
=264  \1$aAkron, Ohio :$bThe University of Akron Press,$c[2019]
=300  \\$a2 volumes :$billustrations (black and white), maps (black and white) ;$c24 cm.
=336  \\$atext$2rdacontent
=337  \\$aunmediated$2rdamedia
=338  \\$avolume$2rdacarrier
=490  0\$aSeries on Ohio history and culture
=530  \\$aAlso published electronically.
=500  \\$a"The third Chillicothe Conference on Hopewell Archaeology; held May 13-14, 2016"--Vol. 1, p. viii.
=504  \\$aIncludes bibliographical references and index.
=505  1\$av. 1. Monuments and ceremony.
=700  1\$aRedmond, Brian G.$q(Brian Gerald),$d1958-$eeditor.
=700  1\$aRuby, Bret J.,$eeditor.
=700  1\$aBurks, Jarrod,$eeditor.
=852  41$aBritish Library$bDSC$im19/.11268
=CAT  \\$aCOUTTS-2$b00$c20190724$lBLL01$h2024
=CAT  \\$a11250$b40$c20190808$lBLL01$h0954
=CAT  \\$a11250$b40$c20190808$lBLL01$h0955
=CAT  \\$a11250$b40$c20190808$lBLL01$h1055
=FIN  \\$aY$d20190808
=SRC  \\$aCoutts Approvals
=LAS  \\$a11250$b40$c20190808$lBLL01$h1055

