=LDR  02177 am a2200421 i 4500
=001  019503012
=003  Uk
=005  20190812165952.0
=008  990909s1889\\\\ii\\\\\\\\\\\\000\0\san\d
=FMT  \\$a  BK
=024  8\$a014158566
=035  \\$a(OCoLC)863627885
=040  \\$aEQO$beng$cEQO$dOCLCO$dOCLCQ$dUK$erda
=042  \\$aukblsr
=130  0\$aUpanishads.$pTaittirīyopaniṣad.
=245  14$aThe Taittiríyopanishad :$bwith the Bháshya of Śrímat Śankaráchárya and its commentary by Śrímat Ánandajnyána /$cedited by Pandit Vámana Śastri Islámpurkar ; and dípikás of the same by Śrímat Śankaránanda and Vidyáraṇya, edited by Pandits at the Anandasrama = Taittirīyopaniṣatsaṭīkaśāṅkarabhāṣyopetā : Śaṅkarānandakṛtā taittirīyopaniṣaddīpikā ; vidyāraṇyakṛtā taittirīyopaniṣaddīpikā / Paṇḍita vāmanaśāstrī isalāmapurakara ityaitaiḥ saṃśodhitā.
=246  35$aTaittirīyopaniṣatsaṭīkaśāṅkarabhāṣyopetā
=264  \1$aPoona :$bÁnandáśrama Press,$c1889.
=300  \\$a2, 98, 186 pages ;$c25 cm.
=336  \\$atext$2rdacontent
=337  \\$aunmediated$2rdamedia
=338  \\$avolume$2rdacarrier
=490  1\$aÁnandáśrama Sanskrit series ;$vgranthāṅkaḥ 12
=546  \\$aIn Sanskrit.
=500  \\$aAdded title page in Sanskrit: Taittirīyopaniṣatsaṭīkaśāṅkarabhāṣyopetā.
=600  00$aŚaṅkarācārya.$tTaittirīyopaniṣadbhāṣya.
=700  0\$aMadhva,$dactive 13th century,$ewriter of added commentary.
=700  0\$aŚaṅkarānanda,$dactive 1290.$tTaittirīyopaniṣaddīpikā.
=700  1\$aIslāmapurakara, Vāmanaśarmā,$eeditor.
=830  \0$aĀnandāśramasaṃskr̥tagranthāvaliḥ ;$vgranthāṅkaḥ 12.
=852  \\$aBritish Library$bOC$h14003.ccc.12
=CAT  \\$a14188$b40$c20190812$lBLL01$h1643
=CAT  \\$a14188$b40$c20190812$lBLL01$h1645
=CAT  \\$a14188$b40$c20190812$lBLL01$h1646
=CAT  \\$a14188$b40$c20190812$lBLL01$h1648
=CAT  \\$a14188$b40$c20190812$lBLL01$h1659
=SID  \\$aZ39$bOCLC
=LAS  \\$a14188$b40$c20190812$lBLL01$h1659

