=LDR  02056pam a2200553 i 4500
=001  019520747
=003  Uk
=005  20191217110041.0
=008  190822s2020\\\\gw\ab\\\\b\\\|0|1|0|eng\d
=FMT  \\$a  BK
=015  \\$aGBB9E7055$2bnb
=016  7\$a019520747$2Uk
=020  \\$a9783433300008$qpaperback
=020  \\$a9783433032770$qpaperback
=020  \\$z9783433609965$qePub
=020  \\$z9783433609972$qePDF
=020  \\$z9783433609989$qoBook
=040  \\$aStDuBDS$beng$cStDuBDS$dUk$erda
=041  1\$aeng$hger
=042  \\$aukblsr
=082  04$a665.742$223
=100  1\$aRötzer, Josef,$d1959-$eauthor.
=240  10$aPlanung und Auslegung von Flüssigerdgastanks.$lEnglish
=245  10$aDesign and construction of LNG storage tanks /$cJosef Rötzer ; editors, Konrad Bergmeister, Frank Fingerloos, Johann-Dietrich Worner ; English translation. Philip Thrift.
=264  \1$aBerlin, Germany :$bErnst & Sohn,$c[2020]
=300  \\$aix, 121 pages :$billustrations (black and white), maps (black and white) ;$c25 cm.
=336  \\$atext$2rdacontent
=337  \\$aunmediated$2rdamedia
=338  \\$avolume$2rdacarrier
=490  0\$aBeton-Kalender series
=500  \\$aTranslated from German.
=500  \\$aIncludes ebook access.
=504  \\$aIncludes bibliographical references and index.
=500  \\$aFormerly CIP.$5Uk
=650  \0$aLiquefied natural gas$xStorage.
=650  \0$aStorage tanks$xDesign and construction.
=700  1\$aBergmeister, Konrad,$eeditor.
=700  1\$aFingerloos, Frank,$eeditor.
=700  1\$aWörner, Johann Dietrich,$eeditor.
=700  1\$aThrift, Philip,$etranslator.
=776  08$iebook version :$z9783433609965
=852  41$aBritish Library$bHMNTS$k(B)$h665.742
=CAT  \\$aBATCH-CIPN$b00$c20190827$lBLL01$h1700
=CAT  \\$aBATCH-UPD$b00$c20190827$lBLL01$h1705
=CAT  \\$a6923$b40$c20191211$lBLL01$h0840
=CAT  \\$a11014$b40$c20191217$lBLL01$h1100
=CAT  \\$aBATCH-UPD$b40$c20191220$lBLL01$h2055
=FIN  \\$aY$d20191217
=LAS  \\$aBATCH-UPD$b40$c20191220$lBLL01$h2055

