=LDR  01657ccm a2200433 i 4500
=001  019521775
=003  Uk
=005  20230223171044.0
=008  190824t20162016ne\||z\\\\\\\\\n\\\\zxx\d
=FMT  \\$a  MU
=028  30$aD 15301$bStichting Donemus Beheer
=035  \\$a(GyWOH)har165014775
=040  \\$aGyWOH$beng$cGyWOH$dUk$erda
=042  \\$aukblsr
=082  04$a787.2$223
=100  1\$aKurli︠a︡ndskiĭ, Dmitriĭ,$d1976-$ecomposer.
=245  10$aMaps of non-existent cities. Saint Petersburg :$bfor violin : 2015 /$cDmitri Kourliandski.
=264  \1$aRijswijk :$bStichting Donemus Beheer,$c[2016]
=264  \4$c©2016
=300  \\$a1 score (1 page) ;$c21 x 30 cm
=336  \\$anotated music$bntm$2rdacontent
=337  \\$aunmediated$bn$2rdamedia
=338  \\$avolume$bnc$2rdacarrier
=382  01$aviolin$n1$s1$2lcmpt
=546  \\$bGraphic notation,$bStaff notation,$bVerbal notation.
=500  \\$aDuration: approximately 50 min.
=500  \\$aPerformance instructions in English.
=500  \\$a"Musician decides freely the path through the scheme, passing from one segment to another"--performance instructions.
=655  \7$aArt music.$2fast$0(OCoLC)fst01920007
=655  \7$aScores.$2fast$0(OCoLC)fst01692898
=852  41$aBritish Library$bMUSIC$ld.290.jj.(3.)
=985  \\$aUpdated by MS generated file for WR2302-017
=CAT  \\$aBATCH-HARR$b00$c20190828$lBLL01$h0912
=CAT  \\$a12274$b40$c20191205$lBLL01$h1834
=CAT  \\$a12274$b40$c20191205$lBLL01$h1835
=CAT  \\$aW2302-0174$c20230223$lBLL01$h2041
=FIN  \\$aY$d20191205
=SRC  \\$aHarrassowitz - Supplier
=LAS  \\$aW2302-0174$b00$c20230223$lBLL01$h2041

