=LDR  04232cam a22006731i 4500
=001  019524530
=003  Uk
=005  20230223171052.0
=008  181114t20192019mduac\\\\be\\\001\0\eng\c
=FMT  \\$a  BK
=010  \\$a  2018053986
=020  \\$a9781538101452$qhardcover$qalkaline paper
=020  \\$a1538101459$qhardcover$qalkaline paper
=024  8\$a15870914
=035  \\$a(OCoLC)1077511642$z(OCoLC)1104802430
=040  \\$aLBSOR/DLC$beng$cDLC$dBDX$dOCLCO$dYDX$dDLC$dOCLCF$dERASA$dZLM$dYDX$dL2U$dCHVBK$dOCLCO$dUk$dOCLCA$dTEU$dYUS$dOCLCO$erda
=042  \\$aukblcatcopy
=043  \\$an-us---
=050  04$aNX512.3.A35$bE53 2019
=082  00$a700.89/96073$223
=245  00$aEncyclopedia of the Black Arts Movement /$cedited by Verner D. Mitchell, Cynthia Davis.
=264  \1$aLanham, Maryland :$bRowman & Littlefield,$c[2019]
=264  \4$c©2019
=300  \\$axxvii, 382 pages :$billustrations ;$c27 cm
=336  \\$atext$btxt$2rdacontent
=337  \\$aunmediated$bn$2rdamedia
=338  \\$avolume$bnc$2rdacarrier
=520  \\$a"The Black Arts Movement (BAM) encompassed a group of artists, musicians, novelists, and playwrights whose work combined innovative approaches to literature, film, music, visual arts, and theatre. With a heightened consciousness of black agency and autonomy--along with the radical politics of the civil rights movement, the Black Muslims, and the Black Panthers--these figures represented a collective effort to defy the status quo of American life and culture. Between the late 1950s and the end of the 1970s, the movement produced some of America's most original and controversial artists and intellectuals. In Encyclopedia of the Blacks Arts Movement, Verner D. Mitchell and Cynthia Davis have collected essays on the key figures of the movement, including Maya Angelou, James Baldwin, Amiri Baraka, Nikki Giovanni, Larry Neal, Sun Ra, Sonia Sanchez, Ntozake Shange, and Archie Shepp. Additional entries focus on Black Theatre magazine, the Negro Ensemble Company, lesser known individuals--including Kathleen Collins, Tom Dent, Bill Gunn, June Jordan, and Barbara Ann Teer--and groups, such as AfriCOBRA and the New York Umbra Poetry Workshop. The Black Arts Movement represented the most prolific expression of African American literature since the Harlem Renaissance of the 1920s. Featuring essays by contemporary scholars and rare photographs of BAM artists, Encyclopedia of the Blacks Arts Movement is an essential reference for students and scholars of twentieth-century American literature and African American cultural studies." -- Provided by publisher.
=504  \\$aIncludes bibliographical references and index.
=650  \0$aBlack Arts movement,$vEncyclopedias.
=650  \7$aBlack Arts movement.$2fast$0(OCoLC)fst00833583
=610  27$aBlack Panther Party$2gnd
=650  \7$aBlack arts movement.$2gnd
=650  \7$aKultur.$2gnd
=650  \7$aKunst.$2gnd
=650  \7$aSchwarze.$2gnd
=610  27$aUniversity of South Alabama$2gnd
=650  \7$a20.10 art and society: general.$0(NL-LeOCL)07759374X$2nbc
=655  \7$aEncyclopedias.$2fast$0(OCoLC)fst01423798
=700  1\$aMitchell, Verner D.,$d1957-$eeditor.
=700  1\$aDavis, Cynthia,$d1946-$eeditor.
=776  08$iOnline version:$aMitchell, Verner D., 1957- author.$tEncyclopedia of the Black Arts Movement$w(DLC)  2018058007$dLanham : Rowman & Littlefield, [2019]$z9781538101469
=852  11$aBritish Library$bHMNTS$kHLR$h700.89
=985  \\$aUpdated by MS generated file for WR2302-017
=CAT  \\$aBATCH-EBKN$b00$c20190901$lBLL01$h0207
=CAT  \\$aBATCH-UPD$b00$c20190901$lBLL01$h0207
=CAT  \\$aEBKS-FXD$c20190901$lBLL01$h0211
=CAT  \\$aBATCH$b00$c20190901$lBLL01$h0212
=CAT  \\$aBATCH-UPEB$b00$c20190909$lBLL01$h1700
=CAT  \\$aBATCH-UPD$b00$c20190909$lBLL01$h1702
=CAT  \\$a11131$b40$c20191021$lBLL01$h0959
=CAT  \\$a14586$b40$c20191028$lBLL01$h1301
=CAT  \\$a11279$b40$c20191127$lBLL01$h0920
=CAT  \\$a14586$b40$c20191202$lBLL01$h1008
=CAT  \\$a14586$b40$c20191205$lBLL01$h0832
=CAT  \\$aW2302-0174$c20230223$lBLL01$h2041
=FIN  \\$aY$d20191021
=SID  \\$aZ39$bOCLC
=LAS  \\$aW2302-0174$b00$c20230223$lBLL01$h2041

