=LDR  01387 am a22002417i 4500
=001  019545213
=003  Uk
=005  20190918151852.0
=008  190917s1802\\\\enk\\\\\\\\\\|000\0\eng\\
=FMT  \\$a  BK
=040  \\$aUk$beng$cUk$erda
=245  00$aTo be let, for a term of years, at James Hardman's, innkeeper, in Kirkham, on Saturday, the 19th of June, 1802, at six o'clock in the evening, (subject to conditions then to be produced,)$ball that messuage and tenement, with the several closes of land thereunto belonging, situate in Bryning with Kellamergh, containing sixty-seven acres of land, or thereabouts, in the occupation of Mrs. Alice Parkinson, widow. the premises to be entered upon at Candlemas and May-day 1803 ... further particulars may be had of Mr William Langton, of Kirkham (the owner), and also of Mr. John Hickson, of Kirkham, Attorney at Law.
=264  \1$a[Kirkham]:$bH. Moon, printer, Kirkham,$c[1802]
=300  \\$a1 sheet ([1] page);$c23 x 20 cm.
=336  \\$atext$2rdacontent
=337  \\$aunmediated$2rdamedia
=338  \\$avolume$2rdacarrier
=650  \0$aProperty$zEngland$y19th century
=852  41$aBritish Library$bHMNTS$qCopy at XXXX. Imperfect: Piece torn from top of sheet with some loss of text.
=CAT  \\$a4938$b40$c20190917$lBLL01$h1634
=CAT  \\$a4938$b40$c20190918$lBLL01$h1518
=FIN  \\$aY$d20190917
=LAS  \\$a4938$b40$c20190918$lBLL01$h1518

