=LDR  01406 am a22002417i 4500
=001  019548595
=003  Uk
=005  20190920103053.0
=008  190920s1821\\\\enk\\\\\\\\\\\000\0\eng\\
=FMT  \\$a  BK
=040  \\$aUk$beng$cUk$erda
=245  00$aTo be let, for a term of years, from Candlemas and May-Day next, at the house of Mrs. Eliz. Hardman, innkeeper, in Kirkham, on Thursday, the 23d day of August, 1821, at seven o'clock in the evening ... all that valuable and compact estate,$bcomprising a capital good farm-house, with convenient and substantial outbuildings ... three good gardens, with the several closes of land thereto belonging, containing in the whole 23a. 3r. 25p. of the measure of 7½ yards to the perch ... situate in Ribby-with-Wray and Bryning, and now in the occupation of Lawrence Hargreaves, who will shew the same. ...
=264  \1$a[Kirkham]:$bWilliamson, printer, Poulton-street, Kirkham,$c[1821]
=300  \\$a1 sheet ([1] page);$c34 x 21 cm.
=336  \\$atext$2rdacontent
=337  \\$aunmediated$2rdamedia
=338  \\$avolume$2rdacarrier
=500  \\$aDated at end: Kirkham, 11th August, 1821.
=650  \0$aProperty$zEngland$y19th century
=852  41$aBritish Library$bHMNTS$qCopy at XXXX. Imperfect: Top left corner missing, with loss of part of first letter.
=CAT  \\$a4938$b40$c20190920$lBLL01$h1030
=FIN  \\$aY$d20190920
=LAS  \\$a4938$b40$c20190920$lBLL01$h1030

