=LDR  03562 am a2200421 i 4500
=001  019570789
=003  Uk
=005  20191025091854.0
=008  181023s2019\\\\mdu\\\\\\b\\\\001\0\eng\\
=FMT  \\$a  BK
=010  \\$a  2018050756
=020  \\$a9781442279292$qhardcover
=020  \\$z9781442279308$qelectronic book
=040  \\$aDLC$beng$cDLC$dDLC$dUk$erda
=042  \\$aukblcatcopy
=050  00$aML421.R25$bR66 2019
=082  00$a782.42166092/2$223
=100  1\$aRose, Phil,$d1969-$eauthor.
=245  10$aRadiohead :$bmusic for a global future /$cPhil Rose.
=264  \1$aLanham, Maryland :$bRowman & Littlefield,$c[2019]
=300  \\$axxix, 271 pages ;$c24 cm.
=336  \\$atext$btxt$2rdacontent
=337  \\$aunmediated$bn$2rdamedia
=338  \\$avolume$bnc$2rdacarrier
=490  1\$aTempo: a Rowman & Littlefield music series
=504  \\$aIncludes bibliographical references (pages 255-262) and index.
=505  0\$aChapter 1 - Becoming Radiohead: Pablo Honey and the Legacy of "Creep" (1985-1993) -- Chapter 2 - Towards Technological Apocalypse: Where Do We Go from Here?" (1994-1995) -- Chapter 3 - A Sgt. Pepper for the "Net" Generation: Probing OK Computer (1996-1998) -- Chapter 4 - Back to Save the Universe, I'm Your Superhero!: The Songs of OK Computer (1996-1998) -- Chapter 5 - The Media Fallout of OK Computer: Meeting People Is Easy? (1998-1999) -- Chapter 6 - Crazy, Maybe? Kosovo and the First Human Clone (1999-2001) -- Chapter 7 - Creeping Totalitarianism (2002-2003) -- Chapter 8 - Going Solo: Goodbye EMI, Hello "Pay What You Want" (2004-2008) -- Chapter 9 - Postapocalypse? (2009-2012) -- Chapter 10 - Forging Forward (2013-2016) -- Chapter 11 - Looking Backwards (2017-2018).
=520  \\$a"Since Radiohead's formation in the mid-1980s, the band has celebrated three decades of creative collaboration and achieved critical acclaim across music genres as cultural icons. Recognized not only for their musical talent and daring experimentation, Radiohead is also known for its work's engagement with cultural and political issues. Phil Rose dissects Radiohead's entire catalog to reveal how the music directs our attention toward themes like cyber technology, the environment, terrorism, and the inevitability of the apocalypse. With each new album, Radiohead has sought to reinvent its sound and position in the music industry. Abandoning traditional distribution for their 2007 In Rainbows album, Radiohead experimented with a pay-what-you-want model that embraced the crowd-sourced commerce that has continued to gain prominence in modern consumer culture. In addition to chronicling the band members' various solo projects, Rose outlines Radiohead's political and civic activism. As the most up-to-date and thorough discussion of this landmark body of musical multimedia, Radiohead: Music for a Global Future recounts the band's triumphs and tragedies along with their role at the forefront of adaptation both to a changing music industry and a rapidly changing world."-- c Provided by publisher.
=610  20$aRadiohead (Musical group)
=650  \0$aAlternative rock music$xHistory and criticism.
=776  08$iOnline version:$aRose, Phil, 1969- author.$tRadiohead$w(DLC) 2018051207$dLanham : Rowman & Littlefield, [2019]$z9781442279308
=830  \0$aTempo (Lanham, Md.)
=852  11$aBritish Library$bHMNTS$kHUS$h789.40092$mRAD
=CAT  \\$a9518$b40$c20191009$lBLL01$h1045
=CAT  \\$a11131$b40$c20191025$lBLL01$h0918
=FIN  \\$aY$d20191025
=SRC  \\$aBLL02
=LAS  \\$a11131$b40$c20191025$lBLL01$h0918

