=LDR  03364cam a2200589 i 4500
=001  019620916
=003  Uk
=005  20230223171259.0
=008  181214t20192019nyuab\\e\\\\\\001\0\eng\\
=FMT  \\$a  BK
=010  \\$a2019035998
=020  \\$a9781523506484$q(hardcover)
=020  \\$a1523506482$q(hardcover)
=035  \\$a(OCoLC)1121616409$z(OCoLC)1117467301
=040  \\$aAU@$beng$cAU@$dOCLCO$dCLE$dGL4$dNHP$dOCLCF$dIK2$dUAP$dILC$dUAP$dUk$dVP@$erda
=042  \\$aukblderived
=050  \4$aG465$b.F64 2019
=082  04$a910.202$223
=100  1\$aFoer, Joshua,$eauthor.
=245  10$aAtlas obscura :$ban explorer's guide to the world's hidden wonders /$cJoshua Foer, Dylan Thuras & Ella Morton.
=250  \\$aSecond edition.
=264  \1$aNew York :$bWorkman Publishing,$c[2019]
=264  \4$c©2019
=300  \\$a472 pages :$billustrations (chiefly colour), colour maps ;$c28 cm
=336  \\$atext$btxt$2rdacontent
=336  \\$astill image$bsti$2rdacontent
=336  \\$acartographic image$bcri$2rdacontent
=337  \\$aunmediated$bn$2rdamedia
=338  \\$avolume$bnc$2rdacarrier
=500  \\$a"Revised & Updated." -- cover.
=500  \\$aIncludes fold-out map between pages 456-457.
=500  \\$aPrevious edition published in 2016.
=500  \\$aIncludes index.
=505  0\$aIntroduction -- Europe. Great Britain and Ireland ; Western Europe ; Eastern Europe ; Scandinavia -- Asia. The MIddle East ; South and Central Asia ; East Asia ; Southeast Asia -- Africa. North Africa ; West Africa ; Central Africa ; East Africa ; Southern Africa ; Islands of the Indian and South Atlantic oceans -- Oceania. Australia ; New Zealand ; Pacific Islands -- Canada. Western Canada ; Eastern Canada -- USA. West Coast ; Four Corners and the Southwest ; Great Plains ; The Midwest ; The Southeast ; The Mid-Atlantic ; New England ; Alaska and Hawaii -- Latin America. South America ; Mexico ; Central America ; Caribbean Islands -- Antarctica.
=520  \\$aThis second edition takes readers to even more curious and unusual destinations, with over one hundred new places, dozens and dozens of new photographs, and two very special features: twelve city guides, covering Berlin, Budapest, Buenos Aires, Cairo, London, Los Angeles, Mexico City, Moscow, New York City, Paris, Shanghai, and Tokyo. And a three-panel gatefold with a full-color map augmented by an around-the-world travel itinerary. More a cabinet of curiosities than traditional guidebook, Atlas Obscura revels in the unexpected, the overlooked, the bizarre, and the mysterious."--Dust jacket flap.
=650  \0$aVoyages and travels.
=650  \0$aCuriosities and wonders.
=650  \0$aHistoric sites$vGuidebooks.
=650  \0$aCivilization, Ancient.
=650  \7$aCuriosities and wonders.$2fast$0(OCoLC)fst00885285
=650  \7$aVoyages and travels.$2fast$0(OCoLC)fst01169308
=655  \7$aGuidebooks.$2fast$0(OCoLC)fst01423871
=700  1\$aThuras, Dylan,$eauthor.
=700  1\$aMorton, Ella,$eauthor.
=852  41$aBritish Library$bMAPS$kMaps Ref D.2$h(135)
=985  \\$aUpdated by MS generated file for WR2302-017
=CAT  \\$a6503$b40$c20191122$lBLL01$h1248
=CAT  \\$a11131$b40$c20191211$lBLL01$h1357
=CAT  \\$aW2302-0174$c20230223$lBLL01$h2043
=FIN  \\$aY$d20191211
=SID  \\$aZ39$bOCLC
=LAS  \\$aW2302-0174$b00$c20230223$lBLL01$h2043

