=LDR  01175 cm a22003013i 4500
=001  019631715
=003  Uk
=005  20191202092835.0
=008  191130s2018\\\\xxu\\b\\\\\\\\\\\\\\eng\d
=FMT  \\$a  MU
=028  30$a416-41341$bTheodor Presser
=035  \\$a(GyWOH)har185022831
=040  \\$aGyWOH$beng$cGyWOH
=100  1\$aRochberg, George,$d1918-2005.
=245  10$aPhaedra :$ba monodrama in seven scenes for mezzo-soprano and orchestra : (1973-1974) /$cGoerge Rochberg ; text freely adapted by Gene Rochberg from Robert Lowell's verse translation of Racine's "Phedre".
=250  \\$aStudy score.
=264  \1$aKing of Prussia, PA :$bTheodor Presser,$c2018.
=300  \\$a1 study score (iv, 272 pages) ;$c31 cm
=336  \\$anotated music$bntm$2rdacontent
=337  \\$aunmediated$bn$2rdamedia
=338  \\$avolume$bnc$2rdacarrier
=500  \\$aDuration: ca. 32:00.
=500  \\$aSynopsis and composer's note in English.
=500  \\$aCommissioned by The Society for New Music of Syracuse.
=852  41$aBritish Library$bDSC$cMUSIC
=CAT  \\$aBATCH-HARR$b00$c20191202$lBLL01$h0928
=SRC  \\$aHarrassowitz - Supplier
=LAS  \\$aBATCH-HARR$b00$c20191202$lBLL01$h0928

