=LDR  01381cam a2200349 i 4500
=001  019649308
=003  Uk
=005  20210122111819.0
=008  191218s1840\\\\enka\\\\\\\\\\000\0\eng\\
=FMT  \\$a  BK
=040  \\$aUk$beng$cUk$erda$edcrmb
=245  02$aA grand panoramic view of the disinterred remains of Napoleon Bonaparte,$bas it appeared in Paris.
=264  \1$a[London] :$bG. Gilbert, 2, Greenarbour-court, Old Bailey,$c[1840?]
=300  \\$a1 sheet ([1] page) ;$c43 x 56 cm
=336  \\$atext$2rdacontent
=337  \\$aunmediated$2rdamedia
=338  \\$avolume$2rdacarrier
=500  \\$aA hand coloured woodcut panorama, printed in four sections with typographically printed captions.
=600  00$aNapoleon$bI,$cEmperor of the French,$d1769-1821$xDeath and burial.
=650  \0$aExhumation$zSaint Helena.
=650  \0$aFuneral rites and ceremonies$zFrance$zParis.
=700  1\$aGilbert, G.$c(Printer),$eprinter.
=752  \\$aGreat Britain$bEngland$dLondon.
=852  41$aBritish Library$bHMNTS$hHS.74/2567(77)
=CAT  \\$a8565$b40$c20191218$lBLL01$h1113
=CAT  \\$a14940$b40$c20200227$lBLL01$h1142
=CAT  \\$a14940$b40$c20200227$lBLL01$h1143
=CAT  \\$a14940$b40$c20200227$lBLL01$h1144
=CAT  \\$a14940$b40$c20200227$lBLL01$h1152
=CAT  \\$a10804$b40$c20210122$lBLL01$h1118
=FIN  \\$aY$d20200227
=LAS  \\$a10804$b40$c20210122$lBLL01$h1118

