=LDR  02395 am a2200457 i 4500
=001  019663657
=003  Uk
=005  20200207113509.0
=007  ta
=008  191216s2020\\\\ilu\\\\\\b\\\\000\0\eng\d
=FMT  \\$a  BK
=020  \\$a9780838946626
=020  \\$a0838946623
=035  \\$a(OCoLC)1131699456
=040  \\$aFW8$beng$cFW8$dKGG$dNDD$dPSC$dUk$erda
=042  \\$aukblderived
=050  \4$aLB2343.4$b.S87 2020
=050  \4$aZ718.7$b.S87 2020
=245  00$aSupporting today's students in the library :$bstrategies for retaining and graduating international, transfer, first-generation, and re-entry students /$ceditors, Ngoc-Yen Tran and Silke Higgins.
=264  \1$aChicago, Illinoios :$bAssociation of College and Research Libraries,$c2020.
=300  \\$av, 275 pages ;$c23 cm
=336  \\$atext$btxt$2rdacontent
=337  \\$aunmediated$bn$2rdamedia
=338  \\$avolume$bnc$2rdacarrier
=504  \\$aIncludes bibliographical references.
=520  \\$a"Supporting Today's Students in the Library collects current strategies from all types of academic libraries for retaining and graduating nontraditional students, with many of them based on learning theories and teaching methodologies. The book explores methods for overcoming language barriers, discusses best practices, and presents case studies that support the changing student population. Additionally, Supporting Today's Students in the Library provides a variety of ideas for new services, spaces, and outreach opportunities that support nontraditional students on campus and beyond."--$cProvided by publisher.
=650  \0$aCollege student development programs.
=650  \0$aAcademic libraries.
=650  \0$aStudents, Foreign$xServices for.
=650  \0$aFirst-generation college students$xServices for.
=650  \0$aTransfer students$xServices for.
=700  1\$aTrần, Ngọc Yến,$eeditor.
=700  1\$aHiggins, Silke,$eeditor.
=776  08$iOnline version:$aTran, Ngoc-Yen$tSupporting Today's Students in the Library:$dChicago, IL : Association of College & Research Libraries,c2020$z9780838946633
=852  11$aBritish Library$bHMNTS$kHUR$h025.5677
=CAT  \\$a9518$b40$c20200107$lBLL01$h1128
=CAT  \\$aBATCH-UPD$b40$c20200107$lBLL01$h1128
=CAT  \\$a11131$b40$c20200207$lBLL01$h1135
=FIN  \\$aY$d20200207
=SID  \\$aZ39$bOCLC
=LAS  \\$a11131$b40$c20200207$lBLL01$h1135

