=LDR  01303pam a22003971i 4500
=001  019682487
=003  Uk
=005  20201112131758.0
=008  200120s2020\\\\enk\\\\\\b\\\\001|0|eng|d
=FMT  \\$a  BK
=015  \\$aGBC009043$2bnb
=016  7\$a019682487$2Uk
=020  \\$a9781783304523 :$q(pbk.)$c£55.00
=040  \\$aStDuBDS$beng$cStDuBDS$dUk$erda
=042  \\$aukblcatcopy
=082  04$a025.1$223
=100  1\$aEvans, G. Edward,$d1937-$eauthor.
=245  10$aManagement basics for information professionals.
=250  \\$aFourth edition /$bG. Edward Evans, Stacey Greenwell.
=264  \1$aLondon :$bFacet Publishing,$c2020.
=300  \\$axvi, 328 pages ;$c26cm
=336  \\$atext$2rdacontent
=337  \\$aunmediated$2rdamedia
=338  \\$avolume$2rdacarrier
=500  \\$aPrevious edition: 2013.
=504  \\$aIncludes bibliographical references and index.
=500  \\$aFormerly CIP.$5Uk
=650  \0$aLibrary administration$zUnited States.
=650  \0$aInformation services$zUnited States.
=700  1\$aAlire, Camila A.,$eauthor.
=852  11$aBritish Library$bHMNTS$kHUR$h025.1
=BUF  \\$aY$d20201112
=CAT  \\$aBATCH-CIPN$b00$c20200121$lBLL01$h1700
=CAT  \\$a11131$b40$c20201112$lBLL01$h1317
=FIN  \\$aY$d20201112
=LAS  \\$a11131$b40$c20201112$lBLL01$h1317

