=LDR  01669ccm a2200433 a 4500
=001  019683824
=003  Uk
=005  20230223171422.0
=008  020611s1933\\\\enkana\\\\\\\\\n\\\\zxx\d
=FMT  \\$a  MU
=035  \\$a(OCoLC)1089666705
=040  \\$aNZIPP$beng$cNZIPP$dOCLCF$dOCLCO$dOCLCQ$dUk
=082  04$a782.525$223
=100  10$aRoberts, J. Varley$q(John Varley),$d1841-1920.
=245  10$aSeek ye the Lord :$banthem for tenor solo and chorus /$ccomposed by J. Varley Roberts ; [text from] Isaiah 1v. 6, 7.
=260  \\$aLondon :$bNovello and Co.,$c1933.
=300  \\$a1 score (8 pages) ;$c26 cm.
=336  \\$anotated music$bntm$2rdacontent
=337  \\$aunmediated$bn$2rdamedia
=338  \\$avolume$bnc$2rdacarrier
=382  01$btenor voice$n1$amixed chorus$vSATB$e1$aorgan$n1$r2$t1$2lcmpt
=490  1\$aNovello's octavo anthems ;$vno. 189
=500  \\$aFor mixed voices (SATB), tenor solo, and organ acc.
=500  \\$aCaption title.
=546  \\$aWords in English.
=650  \0$aChoruses, Sacred (Mixed voices, 4 parts) with organ.
=650  \0$aAnthems.
=650  \7$aAnthems.$2fast$0(OCoLC)fst00810096
=650  \7$aChoruses, Sacred (Mixed voices, 4 parts) with organ.$2fast$0(OCoLC)fst00858736
=655  \7$aAnthems.$2fast$0(OCoLC)fst01920003
=655  \7$aScores.$2fast$0(OCoLC)fst01692898
=830  \0$aNovello's octavo anthems ;$vno. 189.
=852  41$aBritish Library$bDSC$cMUSIC
=985  \\$aUpdated by MS generated file for WR2302-017
=CAT  \\$a8870$b40$c20200122$lBLL01$h1109
=CAT  \\$aW2302-0174$c20230223$lBLL01$h2044
=FIN  \\$aY$d20200122
=SID  \\$aZ39$bOCLC
=LAS  \\$aW2302-0174$b00$c20230223$lBLL01$h2044

