=LDR  04115 am a2200673 i 4500
=001  019685506
=003  Uk
=005  20200219070500.0
=008  180703t20192019txuab\\\\b\\\s001\0\eng\c
=FMT  \\$a  BK
=010  \\$a  2018029665
=020  \\$a9781477317518$qhardcover$qalkaline paper
=020  \\$a1477317511$qhardcover$qalkaline paper
=020  \\$a9781477317525$qpaperback$qalkaline paper
=020  \\$a147731752X$qpaperback$qalkaline paper
=020  \\$z9781477317532$qlibrary electronic book
=020  \\$a1477317538$qlibrary electronic book
=020  \\$a9781477317532$qlibrary electronic book
=020  \\$z9781477317549$qnon-library electronic book
=020  \\$a1477317546$qnon-library electronic book
=020  \\$a9781477317549$qnon-library electronic book
=035  \\$a(OCoLC)1048659154
=040  \\$aTxU/DLC$beng$cDLC$dOCLCO$dOCLCF$dBDX$dYDX$dIKM$dXII$dTWS$dUk$erda
=042  \\$aukblcatcopy
=043  \\$an-mx---
=050  00$aGA481$b.H53 2019
=082  00$a912.7209/03$223
=086  \\$aZ UA380.8 H530tr$2txdocs
=100  1\$aHidalgo, Alex,$d1971-$eauthor.
=245  10$aTrail of footprints :$ba history of indigenous maps from viceregal Mexico /$cAlex Hidalgo.
=246  30$aHistory of indigenous maps from viceregal Mexico
=250  \\$aFirst edition.
=264  \1$aAustin :$bUniversity of Texas Press,$c2019.
=264  \4$c©2019
=300  \\$axv, 166 pages :$billustrations (chiefly color), color maps ;$c26 cm
=336  \\$atext$btxt$2rdacontent
=337  \\$aunmediated$bn$2rdamedia
=338  \\$avolume$bnc$2rdacarrier
=504  \\$aIncludes bibliographical references and index.
=505  0\$aPatrons -- Painters -- Materials -- Authentication -- Epilogue. Afterlife.
=520  \\$aTrail of Footprints offers an intimate glimpse into the commission, circulation, and use of indigenous maps from colonial Mexico. A collection of sixty largely unpublished maps from the late sixteenth to the eighteenth centuries and made in the southern region of Oaxaca anchors an analysis of the way ethnically diverse societies produced knowledge in colonial settings. Mapmaking, proposes Hidalgo, formed part of an epistemological shift tied to the negotiation of land and natural resources between the region's Spanish, Indian, and mixed-race communities. The craft of making maps drew from social memory, indigenous and European conceptions of space and ritual, and Spanish legal practices designed to adjust spatial boundaries in the New World. Indigenous mapmaking brought together a distinct coalition of social actors--Indian leaders, native towns, notaries, surveyors, judges, artisans, merchants, muleteers, collectors, and painters--who participated in the critical observation of the region's geographic features. Demand for maps reconfigured technologies associated with the making of colorants, adhesives, and paper that drew from Indian botany and experimentation, trans-Atlantic commerce, and Iberian notarial culture. The maps in this study reflect a regional perspective associated with Oaxaca's decentralized organization, its strategic position amidst a network of important trade routes that linked central Mexico to Central America, and the ruggedness and diversity of its physical landscape.
=650  \0$aCartography$zMexico$xHistory.
=650  \0$aIndian cartography$zMexico$xHistory.
=651  \0$aMexico$xHistory$ySpanish colony, 1540-1810.
=650  \0$aAztec cartography.
=650  \0$aManuscripts, Mexican.
=650  \7$aAztec cartography.$2fast$0(OCoLC)fst00824695
=650  \7$aCartography.$2fast$0(OCoLC)fst00848025
=650  \7$aIndian cartography.$2fast$0(OCoLC)fst00969065
=650  \7$aManuscripts, Mexican.$2fast$0(OCoLC)fst01008433
=651  \7$aMexico.$2fast$0(OCoLC)fst01211700
=648  \7$a1540-1810$2fast
=655  \7$aHistory.$2fast$0(OCoLC)fst01411628
=852  11$aBritish Library$bMAPS$kMaps Ref.$hM.4$m(66)
=CAT  \\$a9518$b40$c20200124$lBLL01$h1155
=CAT  \\$a11131$b40$c20200219$lBLL01$h0705
=FIN  \\$aY$d20200219
=SID  \\$aZ39$bOCLC
=LAS  \\$a11131$b40$c20200219$lBLL01$h0705

