=LDR  01203 am a2200241 i 4500
=001  019688391
=003  Uk
=005  20200128094406.0
=008  200128s1835\\\\enk\\\\\\\\\\|000\0\eng\\
=FMT  \\$a  BK
=040  \\$aUk$beng$cUk$erda
=042  \\$aukblsr
=245  00$aBridge Street, Banbury, Sir, You will confer a particular favour on the compilers of the History of Banbury (a work which it is intended to publish as early as the proper arrangements can be made) by obliging them with copies of any original documents relating to Banbury, its castle, or vicinity ...$bAny communication on this subject (written or printed) you will have the goodness to address to Your most obedient humble servant, J. G. Rusher,
=264  \1$a[Banbury:$bJ. G. Rusher,$capproximately 1835]
=300  \\$a1 sheet ([1] page);$c19 x 20 cm.
=336  \\$atext$2rdacontent
=337  \\$aunmediated$2rdamedia
=338  \\$avolume$2rdacarrier
=651  \0$aBanbury (Oxfordshire, England)$xHistory.
=852  41$aBritish Library$bHMNTS$qCopy at XXXX. Imperfect: Sheet trimmed at lower edge with possible loss of text.
=CAT  \\$a4938$b40$c20200128$lBLL01$h0944
=FIN  \\$aY$d20200128
=LAS  \\$a4938$b40$c20200128$lBLL01$h0944

