=LDR  00646cam a22001933i 4500
=001  019688562
=003  Uk
=005  20230324134322.0
=008  200128s\\\\\\\\\\\\\\\\\\\\\\\0\\\\eng\\
=FMT  \\$a  BK
=041  \\$aeng$atib
=245  \0$aCatalogue of Tibetan Manuscripts :$bbod yig dkar chag.
=264  \1$aKathmandu :$bLusha Press,$c2012.
=883  0\$aLanguage codes assigned by Bayesian analysis of words present in record$d20201028$qUk$c0.9010
=852  \\$xdeleted
=CAT  \\$a14485$b40$c20200128$lBLL01$h1326
=CAT  \\$aW2201-1476$b00$c20220225$lBLL01$h1852
=CAT  \\$a10223$b40$c20230324$lBLL01$h1343
=LAS  \\$a10223$b40$c20230324$lBLL01$h1343

