=LDR  00439cam a22001573i 4500
=001  019688586
=003  Uk
=005  20230324134236.0
=008  200128s\\\\\\\\\\\\\\\\\\\\\\\0\\\\\\\\\
=FMT  \\$a  BK
=245  \0$aTibetan manuscripts catalogue :$brDo to Bodhi volume 3.
=264  \1$aNepal,$c2011.
=852  \\$xdeleted
=CAT  \\$a14485$b40$c20200128$lBLL01$h1354
=CAT  \\$a10223$b40$c20230324$lBLL01$h1342
=LAS  \\$a10223$b40$c20230324$lBLL01$h1342

