=LDR  01438 am a2200313 i 4500
=001  019691786
=003  Uk
=005  20200129110906.0
=008  990107s1901\\\\ci\fg\\\\\\\\\000\0\hrv\d
=FMT  \\$a  BK
=035  \\$a(OCoLC)40971281
=040  \\$aCGU$beng$cCGU$dOCLCG$dOCLCF$dOCLCQ$dUk$erda
=042  \\$aukblsr
=100  1\$aFlorschütz, Josef,$d1864-$eauthor.
=245  10$aŽivot i rad Marka Marulića :$bs kratkim osvrtom na hrvatsku knjigu od zametaka njezinih do današnjega doba : spomen-besjeda o četiristogodišnjoj proslavi hrvatske umjetne pjesme u ženskom liceju zagrebačkom. /$cDr. Jos. Florschütz.
=264  \1$aU Zagrebu, :$bTisak Dioničke tiskare,$c1901.
=300  \\$a62 pages, 1 unnumbered, folded leaf of plate :$bmusic ;$c19 cm
=336  \\$atext$btxt$2rdacontent
=337  \\$aunmediated$bn$2rdamedia
=338  \\$avolume$bnc$2rdacarrier
=600  10$aMarulić, Marko,$d1450-1524.
=600  17$aMarulić, Marko,$d1450-1524$2fast$0(OCoLC)fst00140608
=776  08$iOnline version:$aFlorschütz, Josef, 1864-$tŽivot i rad Marka Marulića.$w(OCoLC)919925144$dU Zagrebu, Tisak Dioničke tiskare, 1901
=852  41$aBritish Library$bHMNTS$qCopy at XXXX.Mutilated: pencil and pen marks noted on 04 March 2020.
=CAT  \\$a10039$b40$c20200129$lBLL01$h1108
=CAT  \\$a10039$b40$c20200129$lBLL01$h1109
=FIN  \\$aY$d20200129
=SID  \\$aZ39$bOCLC
=LAS  \\$a10039$b40$c20200129$lBLL01$h1109

