=LDR  01394pam a2200445 i 4500
=001  019702449
=003  Uk
=005  20200715123524.0
=008  200130s2020\\\\nyua\\\\\b\\\\000|0|eng|d
=FMT  \\$a  BK
=015  \\$aGBC018534$2bnb
=016  7\$a019702449$2Uk
=020  \\$a9780838917923 (pbk.) :$cNo price
=020  \\$z9780838946879$qePub
=020  \\$z9780838946886$qPDF
=020  \\$z9780838946893$qkindle
=040  \\$aStDuBDS$beng$cStDuBDS$dUk$erda
=042  \\$aukblcatcopy
=082  04$a025.1$223
=100  1\$aClarke, Rachel Ivy,$eauthor.
=245  10$aDesign thinking /$cRachel Ivy Clarke.
=264  \1$aNew York :$bALA Neal-Schuman,$c[2020]
=300  \\$a59 pages :$b1 illustration ;$c18 cm.
=336  \\$atext$2rdacontent
=337  \\$aunmediated$2rdamedia
=338  \\$avolume$2rdacarrier
=490  0\$aLibrary futures ;$v4
=504  \\$aIncludes bibliographical references.
=500  \\$aFormerly CIP.$5Uk
=650  \0$aLibrary planning.
=650  \0$aLibrary administration$xDecision making.
=650  \0$aProblem solving.
=650  \0$aCritical thinking.
=650  \0$aDesign$xMethodology.
=650  \0$aLibraries$xAims and objectives.
=852  11$aBritish Library$bHMNTS$kHUR$h025.1
=CAT  \\$aBATCH-CIPN$b00$c20200204$lBLL01$h1701
=CAT  \\$a9657$b40$c20200715$lBLL01$h1235
=FIN  \\$aY$d20200715
=LAS  \\$a9657$b40$c20200715$lBLL01$h1235

