=LDR  02520cam a2200577 i 4500
=001  020625772
=003  Uk
=005  20230428104615.0
=008  190827e201711\\cc\\\\\\\\\\\\000\0\tibo\
=FMT  \\$a  BK
=010  \\$a  2019336507
=020  \\$a9787540972240$q(set ;$qpaperback)
=020  \\$a7540972246
=025  \\$aCh-Tib-2019336507; 21
=035  \\$a(OCoLC)1117311931
=040  \\$aDLC$beng$cDLC$dOCLCO$dOCLCF$dOCLCO$dUk$erda
=042  \\$aukblsr
=043  \\$aa-cc-ti
=100  0\$6880-01,$aBstan-ʾdzin-don-grub,$d1933-$eauthor.
=240  10$aWorks.$kSelections
=245  10$6880-02$aGso rig gsar slob rnams la nyer mkhoʾi slob deb phyogs bsgrigs blo chung byis paʾi ʾbab stegs :$bZangyi linchuang jingyan xuanji /$cBstan-ʾdzin-don-grub kyis rtsom sgrig byas.
=246  31$aZangyi linchuang jingyan xuanji
=250  \\$aPar gzhi dang po bsgrigs.
=264  \1$aKhrin-tuʾu :$bSi-khron Mi-rigs Dpe-skrun-khang,$c2017 loʾi zla 11.
=300  \\$avolume 2 ;$c21 cm.
=336  \\$atext$2rdacontent
=337  \\$aunmediated$2rdamedia
=338  \\$avolume$2rdacarrier
=490  1\$aMdzod dge Bod lugs sman khang gi gso rig pde tshogs ;$v10
=500  \\$aTitle page verso has parallel title in Chinese.
=505  0\$av. 2. Bod lugs gso rig rdzes skor.
=520  \\$aAuthor's selected works on Tibetan medicine.
=546  \\$aIn Tibetan.
=588  \\$aDescription based on 2019 printing.
=650  \0$aMedicine, Tibetan.
=650  \0$aTraditional medicine$zChina$zTibet Autonomous Region.
=650  \7$aMedicine, Tibetan.$2fast$0(OCoLC)fst01015383
=650  \7$aTraditional medicine.$2fast$0(OCoLC)fst01153974
=651  \7$aChina$zTibet Autonomous Region.$2fast$0(OCoLC)fst01758817
=710  2\$aSichuan min zu chu ban she,$eissuing body.
=880  0\$6100-01$aབསྟན་འཛིན་དོན་གྲུབ།
=880  10$6245-02$aགསོ་རིག་གསར་སློབ་རྣམས་ལ་ཉེར་མཁོའི་སློབ་དེབ་ཕྱོགས་བསྒྲིགས་བློ་ཆུང་བྱིས་པའི་འབབ་སྟེགས།
=830  \0$aMdzod-dge Bod-lugs Sman-khaṅ gi gso rig dpe tshogs ;$v10.
=852  \\$xdeleted
=CAT  \\$a10503$b40$c20220527$lBLL01$h1041
=CAT  \\$a14760$b40$c20230421$lBLL01$h1623
=CAT  \\$a14760$b40$c20230421$lBLL01$h1624
=CAT  \\$a14760$b40$c20230428$lBLL01$h1046
=FIN  \\$aY$d20230421
=SID  \\$aZ39$bOCLC
=LAS  \\$a14760$b40$c20230428$lBLL01$h1046

