=LDR  01993cam a2200517 i 4500
=001  020625775
=003  Uk
=005  20230428104700.0
=008  190827e201711\\cc\\\\\\\\\\\\000\0\tibo\
=FMT  \\$a  BK
=010  \\$a  2019336507
=020  \\$a9787540972240$q(set ;$qpaperback)
=020  \\$a7540972246
=025  \\$aCh-Tib-2019336507; 21
=035  \\$a(OCoLC)1117311931
=040  \\$aDLC$beng$cDLC$dOCLCO$dOCLCF$dOCLCO$erda
=042  \\$alcode$apcc
=043  \\$aa-cc-ti
=050  00$aR603.T5$bB7869 2017
=100  0\$aBstan-ʾdzin-don-grub,$d1933-$eauthor.
=240  10$aWorks.$kSelections
=245  10$aGso rig gsar slob rnams la nyer mkhoʾi slob deb phyogs bsgrigs blo chung byis paʾi ʾbab stegs :$bZangyi linchuang jingyan xuanji /$cBstan-ʾdzin-don-grub kyis rtsom sgrig byas.
=246  31$aZangyi linchuang jingyan xuanji
=250  \\$aPar gzhi dang po bsgrigs.
=264  \1$aKhrin-tuʾu :$bSi-khron Mi-rigs Dpe-skrun-khang,$c2017 loʾi zla 11.
=300  \\$avolume 3$c21 cm.
=336  \\$atext$btxt$2rdacontent
=337  \\$aunmediated$bn$2rdamedia
=338  \\$avolume$bnc$2rdacarrier
=490  0\$aMdzod dge Bod lugs sman khang gi gso rig pde tshogs ;$v9-11
=500  \\$aTitle page verso has parallel title in Chinese.
=505  0\$av. 3. Krung Bod gso rig rtags bcos skor.
=520  \\$aAuthor's selected works on Tibetan medicine.
=546  \\$aIn Tibetan.
=588  \\$aDescription based on 2019 printing.
=650  \0$aMedicine, Tibetan.
=650  \0$aTraditional medicine$zChina$zTibet Autonomous Region.
=650  \7$aMedicine, Tibetan.$2fast$0(OCoLC)fst01015383
=650  \7$aTraditional medicine.$2fast$0(OCoLC)fst01153974
=651  \7$aChina$zTibet Autonomous Region.$2fast$0(OCoLC)fst01758817
=710  2\$aSichuan min zu chu ban she,$epublisher.
=852  \\$xdeleted
=CAT  \\$a10503$b40$c20220527$lBLL01$h1048
=CAT  \\$a14760$b40$c20230428$lBLL01$h1047
=SID  \\$aZ39$bOCLC
=LAS  \\$a14760$b40$c20230428$lBLL01$h1047

