=LDR  03208cam a2200553 i 4500
=001  020629059
=003  Uk
=005  20231012211551.0
=007  ad\canzn
=008  230823s2022\\\\enkab\\\\b\\\\001\0\eng\c
=FMT  \\$a  BK
=010  \\$a2023446690  
=015  \\$aGBC296280$2bnb
=020  \\$a9781906367930 :$q(hbk.)$c£35.00
=035  \\$a(OCoLC)on1314432408
=040  \\$aStDuBDS$beng$cStDuBDS$dUk$erda
=042  \\$aukblsr
=043  \\$ae-uk-en
=050  00$aGA195.G7$bB37 2022
=082  04$a912.07442162$223
=100  1\$aBarford, Megan,$eauthor.
=245  12$aA is for atlas :$bwonders of maps and mapping /$cMegan Barford.
=246  3\$aAtlas
=255  \\$aScale varies or not given.
=264  \1$aGreenwich, London :$bNational Maritime Museum,$c2022.
=300  \\$a255 pages :$bcolor illustrations, maps (chiefly color) ;$c26 cm.
=336  \\$atext$btxt$2rdacontent
=336  \\$astill image$2rdacontent
=336  \\$acartographic image$bcri$2rdacontent
=337  \\$aunmediated$bn$2rdamedia
=338  \\$avolume$bnc$2rdacarrier
=500  \\$aFormerly CIP.$5Uk
=504  \\$aIncludes bibliographical references and index.
=505  00$aMachine generated contents note:$gA.$tIs For Atlas --$gB.$tIs For Border --$gC.$tIs For Commemoration --$gD.$tIs For Display --$gE.$tIs For Engraving --$gF.$tIs For Fake --$gG.$tIs For Globe --$gH.$tIs For Hydrography --$gI.$tIs For Instrument --$gJ.$tIs For Joke --$gK.$tIs For Key --$gL.$tIs For Learning --$gM.$tIs For Manuscript --$gN.$tIs For Navigation --$gO.$tIs For Observation --$gP.$tIs For Paper --$gQ.$tFor Quantification --$gR.$tIs For Route --$gS.$tIs For Sea Monster --$gT.$tIs For Treasure --$gU.$tIs For Unknown --$gV.$tFor View --$gW.$tIs For World Map --$gX.$tIs For Xylography --$gY.$tIs For Year --$gZ.$tIs For Zone.
=520  8\$a"The map collections at Royal Museums Greenwich comprise about 40,000 maps, charts, globes and atlases, covering a time period from the thirteenth century to the present day. Curator of Cartography Megan Barford explores the variety of stories which are hidden within the collection, involving the materials, techniques, makers, users, genres and features, to understand more about the different worlds in which maps were produced and consumed. From imperial rule to labour solidarity, and from sumptuous display to scrap paper, 'A is for Atlas' presents the Royal Museums Greenwich map collections as it's never been seen before."--$cProvided by vendor.
=610  20$aNational Maritime Museum (Great Britain)$vCatalogs.
=610  27$aNational Maritime Museum (Great Britain)$2fast$0(OCoLC)fst00549842
=650  \0$aMap collections$zEngland$zLondon.
=650  \7$aMap collections.$2fast$0(OCoLC)fst01008662
=651  \7$aEngland$zLondon.$2fast$0(OCoLC)fst01204271
=655  \7$aCatalogs.$2fast$0(OCoLC)fst01423692
=852  11$aBritish Library$bHMNTS$kMAPS REF$hD.2(141)
=BUF  \\$aN$d20230928
=CAT  \\$aBATCH-CIPN$b00$c20220531$lBLL01$h1701
=CAT  \\$a11012$b40$c20230126$lBLL01$h1033
=CAT  \\$a11131$b40$c20230928$lBLL01$h1211
=CAT  \\$aBATCH-BUOC$b00$c20231012$lBLL01$h2115
=FIN  \\$aY$d20230928
=LAS  \\$aBATCH-BUOC$b00$c20231012$lBLL01$h2115

