=LDR  01526 as a2200433 a 4500
=001  016272057
=003  Uk
=005  20130207132618.0
=007  ta
=008  130207c200u9999enkuu\p\\\\\\\0\\\a0eng\\
=FMT  \\$a  SE
=015  \\$aGBB312310$2bnb
=040  \\$aUk$beng$cUk
=042  \\$aukblsr
=082  04$a338.205$223
=130  0\$aOur world (Royal Lemington Spa, England)
=245  10$aOur world.
=246  3\$aOurworld
=260  \\$a[S.l.] :$b44 Communications
=300  \\$av. :$bcol. ill., col. ports. ;$c30 cm.
=336  \\$atext$2rdacontent
=337  \\$aunmediated$2rdamedia
=338  \\$avolume$2rdacarrier
=500  \\$aAt head of cover page: Real Mining. Real People. Real Difference.
=550  \\$aProduced for Anglo American by 44 Communications Ltd.
=588  \\$aDescription based on: Issue 6 (Apr. 2012).
=650  \0$aMineral industries$vPeriodicals.
=650  \0$aMineral industries$xEquipment and supplies$vPeriodicals.
=650  \0$aMines and mineral resources$vPeriodicals.
=610  20$aAnglo American (Firm)$vPeriodicals.
=690  7\$aManagement and Business Studies$2blcoll
=710  2\$aAnglo American (Firm)
=780  00$tAngloworld
=852  11$aBritish Library$bSTI$cBIPC$kTrade Literature Collection$3Issue 1(Sep. 2010)-Issue 18 (Apr.2015)
=CAT  \\$a5997$b40$c20130207$lBLL01$h1326
=CAT  \\$aBATCH-MBS$c20161028$lBLL01$h2114
=FIN  \\$aY$d20130207
=LKR  \\$aPAR$b013444947$lBLL01$nAngloworld$mOur world$r78000
=LAS  \\$aBATCH-MBS$b00$c20161028$lBLL01$h2114

