=LDR  01326pam a22003731i 4500
=001  016304177
=003  Uk
=005  20140117103253.0
=008  130308s2013\\\\enka\\\\\b\\\\001|0\eng|d
=FMT  \\$a  BK
=015  \\$aGBB327278$2bnb
=016  7\$a016304177$2Uk
=020  \\$a9781848169579 (hbk.) :$c£118.00
=040  \\$aStDuBDS$beng$cStDuBDS$dUk$erda
=042  \\$aukblcatcopy
=082  04$a618.175061$223
=245  00$aEstrogen action, selective estrogen receptor modulators, and women's health :$bprogress and promise /$cedited by V. Craig Jordan.
=264  \1$aLondon :$bImperial College Press,$c[2013]
=300  \\$axxxvi, 507 pages :$billustrations ;$c24 cm
=336  \\$atext$2rdacontent
=337  \\$aunmediated$2rdamedia
=338  \\$avolume$2rdacarrier
=504  \\$aIncludes bibliographical references and index.
=500  \\$aFormerly CIP.$5Uk
=650  \0$aEstrogen$xTherapeutic use.
=700  1\$aJordan, V. Craig$q(Virgil Craig),$eeditor of compilation.
=852  11$aBritish Library$bSTI$k618.175061
=BUF  \\$aY$d20140117
=CAT  \\$aBATCH-CIPN$b00$c20130319$lBLL01$h1700
=CAT  \\$aBATCH-CIPC$b00$c20130411$lBLL01$h1151
=CAT  \\$a11012$b40$c20140117$lBLL01$h1032
=CAT  \\$aWR16_021$c20160708$lBLL01$h1812
=FIN  \\$aY$d20140117
=LAS  \\$aWR16_021$b00$c20160708$lBLL01$h1812

