=LDR  01283 am a22003373a 4500
=001  016383544
=003  Uk
=005  20130409000000.0
=008  130409s2013\\\\enk\\\\\\\\\\\000\0\eng\d
=FMT  \\$a  BK
=020  \\$a9781842645918 :$c£325.00
=020  \\$a1842645919 :$c£325.00
=040  \\$aUK-WkNB$beng$cUK-WkNB
=110  2\$aEuromonitor International.
=245  10$aWorld Consumer Lifestyles Databook 2013 /$cEuromonitor International.
=250  \\$a12th New ed.
=260  \\$aLondon :$bEuromonitor PLC :$b[distributor] Euromonitor PLC :$b[distributor] Euromonitor International Asia :$b[distributor] Euromonitor International Asia :$b[distributor] Euromonitor International,$c2013.
=300  \\$a708 p. ;$c30x21 cm.
=336  \\$atext$2rdacontent
=337  \\$aunmediated$2rdamedia
=338  \\$avolume$2rdacarrier
=500  \\$aBook. A4.
=500  \\$aReplaces: 9781842645581.
=852  41$aBritish Library$bSTI$cBIPC$32013
=CAT  \\$aBATCH-CMLD$b00$c20130511$lBLL01$h1718
=CAT  \\$aWR16_021$c20160708$lBLL01$h1817
=CAT  \\$aBATCH-016$c20170430$lBLL01$h1624
=CAT  \\$aW1706-0374$c20170608$lBLL01$h1733
=SRC  \\$aNielsen Bookdata
=366  \\$b20130327$cIP 20130409$jGB$kxxk$mEuromonitor PLC$2UK-WkNB
=LAS  \\$aW1706-0374$b00$c20170608$lBLL01$h1733

