=LDR  03385aam a2200469 i 4500
=001  016416308
=003  Uk
=005  20140103030728.0
=008  130422t20132013nyua\\\\\b\\\\001\0\eng\\
=FMT  \\$a  BK
=010  \\$a2013002542  
=015  \\$aGBB350048$2bnb
=016  7\$a016416308$2Uk
=020  \\$a9781626180833 (hbk.) :$c£100.50
=040  \\$aStDuBDS$beng$cStDuBDS$dUk
=042  \\$aukblsr
=050  00$aQL430.7.M95$bM87 2013
=082  00$a594.4$223
=245  00$aMussels :$becology, life habits and control /$ceditors, Jarek Nowak and Michal Kozlowski.
=264  \1$aHauppauge, New York :$bNova Science Publishers, Inc.,$c[2013]
=264  \4$c©2013
=300  \\$axi, 168 pages :$bcolored illustrations ;$c26 cm.
=336  \\$atext$2rdacontent
=337  \\$aunmediated$2rdamedia
=338  \\$avolume$2rdacarrier
=500  \\$aFormerly CIP.$5Uk
=504  \\$aIncludes bibliographical references and index.
=505  0\$aNative and Invasive Mussels / Slavka Stankovic, Mihajlo Jovic, Faculty of Technology and Metallurgy, University of Belgrade, Belgrade, Serbia, and others -- Life and Interaction of Hydrobiological Organisms (Mytilus sp.) with Harmful Algal Blooms : Composition, Distribution and Metabolism of Hydrophilic and Hydrophobic Toxins in the Austral Pacific Region / Carlos Garcia, Nestor Lagos, Membrane Biochemistry Laboratory, Physiology and Biophysics Program, Faculty of Medicine, Universidad de Chile, Santiago, Chile, and others -- Mussels as a Tool to Monitor Pollution / Elena Cubero-Leon, Corina M. Ciocan, Environmental Biology, School of Pharmacy and Biomolecular Sciences, University of Brighton, Hastings, United Kingdom -- Bioenergetic Model Predictions of Actual Growth and Allometric Transitions during Ontogeny of Juvenile Blue Mussels Mytilus edulis / Poul S. Larsen, Kim Lundgreen, Hans Ulrik Riisgård, DTU Mechanical Engineering, Fluid Mechanics, Technical University of Denmark, Lyngby, Denmark, and others -- The Synthesis of Vitellogenin in the Mussel Mytilus Galloprovincialis : An Interdisciplinary Approach / Marisa Agnese, Marina Prisco, Luigi Rosati, Mariailaria Verderame, Enrico De Meo, Ermelinda Limatola, Rosanna Del Gaudio, Serena Aceto, Piero Andreuccetti, Department of Biological Sciences, University of Naples Federico II, Naples, Italy -- Brachidontes solisianus (Bivalvia : Mytilidae) Re-colonization Dynamics on a Sandstone Reef at Pernambuco, Brazil / Mariana Alves de Guimaraens, Jessica Pires Sá Carneiro, Betty Rose de Araújo Luz, Janilson Felix da Silva, Universidade de Pernambuco, Recife, PE, Brazil -- Mussel Farms in the Gulf of Naples (Campania, Southern Italy) : Real Opportunity or a Risk to Consumers? / Maria Grazia Esposito, Francesca Trinchella, Rosaria Scudiero, Department of Biology, University of Naples Federico II, Napoli, Italy.
=650  \0$aMussels$xEcology.
=650  \0$aMussels$xLife cycles.
=650  \0$aMussels$xControl.
=650  \0$aMytilidae.
=700  1\$aNowak, Jarek,$d1962-
=700  1\$aKozlowski, Michal,$d1960-
=852  11$aBritish Library$bSTI$k594.4
=BUF  \\$aN$d20131219
=CAT  \\$aBATCH-CIPN$b00$c20130521$lBLL01$h1700
=CAT  \\$a11168$b40$c20131219$lBLL01$h0801
=CAT  \\$aBATCH-BUOC$b00$c20140103$lBLL01$h0307
=CAT  \\$aWR16_021$c20160708$lBLL01$h1819
=FIN  \\$aY$d20131219
=LAS  \\$aWR16_021$b00$c20160708$lBLL01$h1819

