=LDR  01380 am a2200421 i 4500
=001  016420584
=003  Uk
=005  20131230143528.0
=008  130531s2013\\\\enka\\\\\\\\\\000\0\eng\\
=FMT  \\$a  BK
=015  \\$aGBB3B9398$2bnb
=016  7\$a016420584$2Uk
=020  \\$a9780862145910 (paperback)
=040  \\$aUk$beng$cUk$erda
=042  \\$aukblsr
=082  04$a338.47546734$223
=110  2\$aRoskill Information Services,$eauthor,$epublisher.
=245  10$aIodine :$bglobal industry markets and outlook.
=250  \\$aEleventh edition, 2013.
=264  \1$aLondon :$bRoskill Information Services Ltd.,$c[2013]
=300  \\$a271 pages :$billustrations (colour) ;$c30 cm +$e1 CD-ROM
=336  \\$atext$2rdacontent
=337  \\$aunmediated$2rdamedia
=337  \\$acomputer$2rdamedia
=338  \\$avolume$2rdacarrier
=338  \\$acomputer disc$brdacarrier
=500  \\$aCD-ROM in pocket attached to inside back cover.
=650  \0$aIodine.
=650  \0$aIodine$vStatistics.
=650  \0$aMarket surveys.
=690  7\$aManagement and Business Studies$2blcoll
=852  11$aBritish Library$bSTI$cBIPC
=CAT  \\$a9592$b40$c20130531$lBLL01$h1020
=CAT  \\$a7034$b40$c20131230$lBLL01$h1435
=CAT  \\$aBATCH-MBS$c20160617$lBLL01$h2111
=CAT  \\$aWR16_021$c20160708$lBLL01$h1820
=FIN  \\$aY$d20131230
=LAS  \\$aWR16_021$b00$c20160708$lBLL01$h1820

