=LDR  01582pam a2200457 i 4500
=001  017594275
=003  Uk
=005  20160213101538.0
=008  151014s2016\\\\ii\a\\\\\b\\\\001\0\eng\d
=FMT  \\$a  BK
=015  \\$aGBB5F4993$2bnb
=016  7\$a017594275$2Uk
=020  \\$a9789352500468 (paperback) :$c£47.00
=040  \\$aStDuBDS$beng$cStDuBDS$dUk$erda
=042  \\$aukblsr
=082  04$a618.3$223
=245  00$aManagement of high-risk pregnancy :$ba practical approach.
=250  \\$aSecond edition /$beditors, Shubha Sagar Trivedi, Manju Puri, Swati Agrawal.
=264  \1$aNew Delhi :$bJaypee Brothers Medical Publishers,$c2016.
=300  \\$axxiii, 395 pages :$billustrations (black and white, and colour) ;$c28 cm
=336  \\$atext$2rdacontent
=337  \\$aunmediated$2rdamedia
=338  \\$avolume$2rdacarrier
=500  \\$aPrevious ed.: 2010.
=504  \\$aIncludes bibliographical references and index.
=530  \\$aAlso issued online.
=500  \\$aFormerly CIP.$5Uk
=650  \0$aPregnancy$xComplications.
=650  \0$aPrenatal diagnosis.
=650  \0$aPrenatal care.
=700  1\$aTrivedi, S. S.,$eeditor.
=700  1\$aPuri, Manju,$cMD,$eeditor.
=700  1\$aAgrawal, Swati,$eeditor.
=852  11$aBritish Library$bSTI$k618.3
=CAT  \\$aBATCH-CIPN$b00$c20151027$lBLL01$h1701
=CAT  \\$a6923$b40$c20160211$lBLL01$h0840
=CAT  \\$a7143$b40$c20160212$lBLL01$h1704
=CAT  \\$a8962$b40$c20160213$lBLL01$h1015
=CAT  \\$aWR16_021$c20160720$lBLL01$h1656
=FIN  \\$aY$d20160212
=LAS  \\$aWR16_021$b00$c20160720$lBLL01$h1656

