=LDR  02039aam a2200421 i 4500
=001  017602744
=003  Uk
=005  20170518212240.0
=008  150923s2016\\\\enka\\\\\b\\\\000|0|eng|d
=FMT  \\$a  BK
=010  \\$a2015026447  
=015  \\$aGBB5F7971$2bnb
=016  7\$a017602744$2Uk
=020  \\$a9781137568960 (hbk.) :$c£63.00
=040  \\$aStDuBDS$beng$cStDuBDS$dUk$erda
=042  \\$aukblsr
=082  00$a072$223
=100  1\$aHill, John,$d1935 January 22-
=245  14$aThe British newspaper industry :$bthe future of the regional press /$cJohn Hill.
=264  \1$aBasingstoke, Hampshire :$bPalgrave Macmillan,$c2016.
=300  \\$ax, 241 pages :$billustrations (black and white) ;$c23 cm.
=336  \\$atext$2rdacontent
=336  \\$astill image$2rdacontent
=337  \\$aunmediated$2rdamedia
=338  \\$avolume$2rdacarrier
=500  \\$aFormerly CIP.$5Uk
=504  \\$aIncludes bibliographical references.
=505  0\$aIntroduction -- What explains the persistence of a local press? -- Communities and their media -- Communities: what they are! -- The history of a crisis: internal factors -- The history of a crisis: external factors -- The present state of play -- Newspapers in decline -- The growth of alternative media -- Anticipating the future -- Transitioning to a new order -- Generic strategies -- Strategies for a turbulent future -- Mechanisms of local media -- Newspaper production -- Digital printing -- Marketing advertising space -- Marketing the product -- Resource partitioning -- Value activities -- Measuring the field -- Endgame?
=650  \0$aJournalism, Regional$zGreat Britain.
=650  \0$aNewspaper publishing$zGreat Britain.
=852  11$aBritish Library$bHMNTS$cSPHOA$kNRR072
=BUF  \\$aN$d20160318
=CAT  \\$aBATCH-CIPN$b00$c20151103$lBLL01$h1702
=CAT  \\$a11131$b40$c20160318$lBLL01$h0926
=CAT  \\$aWR16_021$c20160720$lBLL01$h1657
=CAT  \\$aBATCH-BUOC$b00$c20170518$lBLL01$h2122
=FIN  \\$aY$d20160318
=LAS  \\$aBATCH-BUOC$b00$c20170518$lBLL01$h2122

