=LDR  00750 cm a22002413i 4500
=001  017609639
=003  Uk
=005  20151109085654.0
=008  151106t20142011xxk\\z\\\\\\\\\\\\\\\\\\d
=FMT  \\$a  MU
=035  \\$a(GyWOH)har145020407
=040  \\$aGyWOH$beng$cGyWOH
=100  1\$aAdès, Thomas.
=245  10$aThrift$bfor solo piano : (2011) /$cThomas Ades.
=260  \\$aLondon :$bFaber Music,$c2014, c2011.
=300  \\$a[3] p. of music ;$c42 cm.
=500  \\$aDuration: ca. 5:00.
=852  41$aBritish Library$bDSC$cMUSIC
=CAT  \\$aBATCH-HARR$b00$c20151109$lBLL01$h0856
=CAT  \\$aBATCH-UPD$b00$c20151109$lBLL01$h0856
=CAT  \\$a8870$b40$c20170301$lBLL01$h1617
=SRC  \\$aHarrassowitz - Supplier
=LAS  \\$a8870$b40$c20170301$lBLL01$h1617

