=LDR  01531cam a2200457 i 4500
=001  017614881
=003  Uk
=005  20170420212039.0
=008  140821s2015\\\\nyua\\\\\b\\\\001\0\eng\\
=FMT  \\$a  BK
=010  \\$a2014021902  
=020  \\$a9780415719001 (hbk)
=020  \\$z97813158622965 (ebk)
=040  \\$aDLC$beng$cDLC$dDLC$dUk$erda
=042  \\$aukblcatcopy
=043  \\$ae------
=050  00$aPN4784.F6$bM25 2015
=082  00$a070.4332$223
=245  00$aMapping foreign correspondence in Europe /$cedited by Georgios Terzis.
=264  \1$aNew York :$bRoutledge,$c2015.
=300  \\$axxi, 346 pages :$billustrations ;$c24 cm.
=336  \\$atext$2rdacontent
=337  \\$aunmediated$2rdamedia
=338  \\$avolume$2rdacarrier
=490  0\$aRoutledge studies in European communication research and education ;$v4
=504  \\$aIncludes bibliographical references and index.
=650  \0$aForeign news.
=650  \0$aForeign correspondents$zEurope.
=651  \0$aEurope$xPress coverage.
=651  \0$aEurope$xForeign public opinion.
=700  1\$aTerzis, Georgios,$eeditor.
=852  11$aBritish Library$bHMNTS$kNRR$h070.4332
=BUF  \\$aN3$d20151201
=CAT  \\$a11253$b40$c20151113$lBLL01$h1257
=CAT  \\$a10904$b40$c20151201$lBLL01$h0744
=CAT  \\$aBATCH-BUOC$b00$c20170420$lBLL01$h2120
=CAT  \\$aBATCH-UPD$b00$c20170420$lBLL01$h2141
=CAT  \\$aW2308-1659$c20230923$lBLL01$h1003
=FIN  \\$aY$d20151201
=SID  \\$aZ39$bOCLC
=LAS  \\$aW2308-1659$b00$c20230923$lBLL01$h1003

