=LDR  01750aam a2200493 i 4500
=001  017614886
=003  Uk
=005  20151210212404.0
=008  150106s2015\\\\enk\\\\\\b\\\\001\0\eng\\
=FMT  \\$a  BK
=010  \\$a2014048166  
=015  \\$aGBB5A0772$2bnb
=020  \\$a9781138017856 (hbk.) :$c£80.00
=020  \\$a9781138020689 (pbk.) :$c£26.99
=020  \\$z9781317524540 (Mobipocket ebook) :$c£26.99
=020  \\$z9781317524557 (ePub ebook) :$c£26.99
=020  \\$z9781317524564 (PDF ebook) :$c£26.99
=040  \\$aStDuBDS$beng$cStDuBDS$dUk$erda
=042  \\$aukblsr
=043  \\$ae------
=050  00$aHE8689.7.P836$bP83 2015
=082  00$a384.54094$223
=245  00$aPublic service media in Europe :$ba comparative approach /$cedited by Karen Arriaza Ibarra, Eva Nowak and Raymond Kuhn.
=264  \1$aLondon ;$aNew York :$bRoutledge,$c2015.
=300  \\$ax, 222 pages ;$c24 cm.
=336  \\$atext$2rdacontent
=337  \\$aunmediated$2rdamedia
=338  \\$avolume$2rdacarrier
=490  0\$aRoutledge studies in European communication research and education
=500  \\$aFormerly CIP.$5Uk
=504  \\$aIncludes bibliographical references and index.
=650  \0$aPublic broadcasting$zEurope.
=650  \0$aBroadcasting policy$zEurope.
=700  1\$aIbarra, Karen Arriaza,$eeditor.
=700  1\$aNowak, Eva,$eeditor.
=700  1\$aKuhn, Raymond,$eeditor.
=852  11$aBritish Library$bHMNTS$kNRR$h302.23094
=BUF  \\$aN$d20151201
=CAT  \\$a11253$b40$c20151113$lBLL01$h1301
=CAT  \\$a10904$b40$c20151201$lBLL01$h0748
=CAT  \\$a10904$b40$c20151201$lBLL01$h0749
=CAT  \\$aBATCH-BUOC$b00$c20151210$lBLL01$h2123
=FIN  \\$aY$d20151201
=LAS  \\$aBATCH-BUOC$b00$c20151210$lBLL01$h2123

