=LDR  01304 am a2200373 i 4500
=001  017614887
=003  Uk
=005  20151113130428.0
=008  131023s2014\\\\enka\\\\\b\\\\001\0\eng\d
=FMT  \\$a  BK
=015  \\$aGBB3B4079$2bnb
=020  \\$a9781783030576 (pbk.) :$cNo price
=040  \\$aStDuBDS$beng$cStDuBDS$dUk$erda
=042  \\$aukblcatcopy
=082  04$a929.1072041$223
=100  1\$aTomaselli, Phil,$eauthor.
=245  10$aTracing your air force ancestors :$ba guide for family historians /$cPhil Tomaselli.
=250  \\$aSecond edition.
=264  \1$aBarnsley :$bPen & Sword Family History,$c2014.
=300  \\$axviii, 222 pages :$billustrations ;$c24 cm
=336  \\$atext$2rdacontent
=336  \\$astill image$2rdacontent
=337  \\$aunmediated$2rdamedia
=338  \\$avolume$2rdacarrier
=500  \\$aPrevious edition: 2007.
=504  \\$aIncludes bibliographical references and index.
=500  \\$aFormerly CIP.$5Uk
=610  10$aGreat Britain.$bRoyal Air Force$vBiography$vSources.
=650  \0$aAirmen$zGreat Britain$vBiography$vSources.
=651  \0$aGreat Britain$xGenealogy$vHandbooks, manuals, etc.
=852  11$aBritish Library$bHMNTS$kNRR$h929.3
=CAT  \\$a11253$b40$c20151113$lBLL01$h1304
=FIN  \\$aY$d20141111
=LAS  \\$a11253$b40$c20151113$lBLL01$h1304

