=LDR  01725 am a2200481 i 4500
=001  017614889
=003  Uk
=005  20160126142519.0
=008  100422r20101967enk\\\\\\b\\\\001\0\eng\d
=FMT  \\$a  BK
=015  \\$aGBB612440$2bnb
=020  \\$a9780521131162 (paperback)
=020  \\$a0521131162 (paperback)
=035  \\$a(OCoLC)609680279$z(OCoLC)609702039$z(OCoLC)609714992$z(OCoLC)609720770
=040  \\$aYDXCP$beng$cYDXCP$dOCLCQ$dOCLCA$dOCLCQ$dOCLCF$dOCLCO$dOCLCQ$dUk$erda
=042  \\$aukblsr
=043  \\$ae-ie---
=050  \4$aPN5144$b.M8 2010
=082  04$a072.91509032$223
=100  1\$aMunter, Robert,$eauthor.
=245  14$aThe history of the Irish newspaper, 1685-1760 /$cby Robert Munter, San Diego State College.
=264  \1$aCambridge :$bCambridge University Press,$c2010.
=264  \4$c©1967
=300  \\$axiii, 217, 16 pages ;$c22 cm
=336  \\$atext$2rdacontent
=337  \\$aunmediated$2rdamedia
=338  \\$avolume$2rdacarrier
=500  \\$aOriginally published: 1967.
=504  \\$aIncludes bibliographical references and index.
=650  \0$aIrish newspapers$xHistory.
=650  \0$aEnglish newspapers$zIreland$xHistory.
=650  \7$aEnglish newspapers.$2fast$0(OCoLC)fst00912226
=650  \7$aIrish newspapers.$2fast$0(OCoLC)fst00979041
=651  \7$aIreland.$2fast$0(OCoLC)fst01205427
=655  \7$aHistory.$2fast$0(OCoLC)fst01411628
=852  41$aBritish Library$bHMNTS$kNRR$h079.415
=CAT  \\$a11253$b40$c20151113$lBLL01$h1307
=CAT  \\$a5883$b40$c20160126$lBLL01$h1118
=CAT  \\$a5883$b40$c20160126$lBLL01$h1119
=CAT  \\$a5883$b40$c20160126$lBLL01$h1425
=FIN  \\$aY$d20160126
=SID  \\$aZ39$bOCLC
=LAS  \\$a5883$b40$c20160126$lBLL01$h1425

