=LDR  01828aam a2200481 i 4500
=001  017634684
=003  Uk
=005  20160630212503.0
=008  150609s2015\\\\riu\\\\\\\\\\\001\0\eng\\
=FMT  \\$a  BK
=010  \\$a2015022653  
=015  \\$aGBB5H1162$2bnb
=016  7\$a017634684$2Uk
=020  \\$a9781470420574 (hbk.) :$c£64.95
=040  \\$aStDuBDS$beng$cStDuBDS$dUk$erda
=042  \\$aukblsr
=050  00$aQA300$b.T65 2015
=082  00$a515.7$223
=100  1\$aTorchinsky, Alberto,$eauthor.
=245  10$aProblems in real and functional analysis /$cAlberto Torchinsky.
=264  \1$aProvidence, Rhode Island :$bAmerican Mathematical Society,$c[2015].
=300  \\$ax, 467 pages ;$c26 cm.
=336  \\$atext$2rdacontent
=337  \\$aunmediated$2rdamedia
=338  \\$avolume$2rdacarrier
=490  0\$aGraduate studies in mathematics ;$vvolume 166
=500  \\$aFormerly CIP.$5Uk
=500  \\$aIncludes index.
=650  \0$aMathematical analysis$vTextbooks.
=650  \0$aFunctional analysis$vTextbooks.
=650  \0$aSet theory$vTextbooks.
=650  \7$aReal functions -- Instructional exposition (textbooks, tutorial papers, etc.).$2msc
=650  \7$aMeasure and integration -- Instructional exposition (textbooks, tutorial papers, etc.).$2msc
=650  \7$aFunctional analysis -- Instructional exposition (textbooks, tutorial papers, etc.).$2msc
=650  \7$aOperator theory -- Instructional exposition (textbooks, tutorial papers, etc.).$2msc
=852  11$aBritish Library$bSTI$k(B)$i515.7
=BUF  \\$aN$d20160129
=CAT  \\$aBATCH-CIPN$b00$c20151201$lBLL01$h1701
=CAT  \\$a6829$b40$c20160129$lBLL01$h1554
=CAT  \\$aBATCH-BUOC$b00$c20160630$lBLL01$h2124
=CAT  \\$aWR16_021$c20160720$lBLL01$h1700
=FIN  \\$aY$d20160129
=LAS  \\$aWR16_021$b00$c20160720$lBLL01$h1700

