=LDR  01596cas a2200433 i 4500
=001  017658543
=003  Uk
=005  20151210085543.0
=007  ta
=008  151210c20149999enkar\\\\\\\\\0\\\a0eng\\
=FMT  \\$a  SE
=015  \\$aGBB5H8645$2bnb
=040  \\$aUk$beng$cUk$erda
=042  \\$aukblsr
=082  04$a387.10941$223
=110  2\$aAssociated British Ports,$eauthor.
=245  10$aAnnual review /$cAssociated British Ports.
=246  13$aAssociated British Ports annual review
=246  17$aABP annual review
=264  \1$aAldwych, London :$bAssociated British Ports,$c2014-
=300  \\$billustrations (black and white, and colour) ;$c31 cm
=310  \\$aAnnual
=336  \\$atext$2rdacontent
=337  \\$aunmediated$2rdamedia
=338  \\$avolume$2rdacarrier
=362  0\$aJuly 2014-
=588  \\$aLatest issue consulted: July 2015.
=610  20$aAssociated British Ports$vPeriodicals.
=650  \0$aHarbors$zGreat Britain$vPeriodicals.
=650  \0$aHarbors$zGreat Britain$xManagement$vPeriodicals.
=650  \0$aHarbors$xEconomic aspects$zGreat Britain$vPeriodicals.
=650  \0$aHarbors$xEnvironmental aspects$zGreat Britain$vPeriodicals.
=650  \0$aHarbors$xSocial aspects$zGreat Britain$vPeriodicals.
=852  71$aBritish Library$bSTI$cBIPC$kTrade Literature$32014-
=985  \\$aAuthority record for 110 has obsolete value "0" as the second indicator. Awaiting work request.
=CAT  \\$a11205$b40$c20151210$lBLL01$h0855
=CAT  \\$aBATCH-UPD$b40$c20190430$lBLL01$h1027
=FIN  \\$aY$d20151210
=LAS  \\$aBATCH-UPD$b40$c20190430$lBLL01$h1027

