=LDR  02204 am a2200541 i 4500
=001  017673806
=003  Uk
=005  20160302144043.0
=008  151030s2016\\\\ne\a\\\\\b\\\|0|1\0|spa\d
=FMT  \\$a  BK
=020  \\$z9789004292291 (set)
=020  \\$z9004292292 (set)
=020  \\$a9789004301450 (v. 2)
=020  \\$a9789004301474 (v. 3)
=020  \\$a9789004301139 (e-book)
=035  \\$a(OCoLC)927445938
=040  \\$aERASA$beng$cERASA$dUk$erda
=041  0\$aspa$aeng$aita$alat$apor
=042  \\$aukblsr
=050  \4$aZ4-8
=245  00$aIberian books :$bBooks published in Spain, Portugal and the New World or elsewhere in Spanish or Portuguese between 1601 and 1650 /$cedited by Alexander Samuel Wilkinson and Alejandra Ulla Lorenzo = Libros Ibéricos : Volumes II & III. Libros publicados en España, Portugal y el Nuevo Mundo o impresos en otros lugares en español o portugués entre 1601 y 1650.
=246  31$aLibros Ibéricos
=264  \1$aLeiden :$bBrill,$c2016.
=300  \\$a2 volumes, xcii, xliv, 2510 pages :$billustrations (black and white) ;$c28 cm
=336  \\$atext$2rdacontent
=337  \\$aunmediated$2rdamedia
=338  \\$avolume$2rdacarrier
=546  \\$aText in Spanish with some English, Italian, Latin and Portuguese.
=504  \\$aIncludes bibliographical references and indexes.
=650  \0$aEarly printed books$zSpain$y17th century$vBibliography.
=650  \0$aIncunabula$zSpain$vBibliography.
=650  \0$aSpanish imprints.
=651  \0$aSpain$vImprints.
=650  \0$aEarly printed books$zPortugal$y17th century$vBibliography.
=650  \0$aIncunabula$zPortugal$vBibliography.
=650  \0$aPortuguese imprints.
=651  \0$aPortugal$vImprints.
=700  1\$aWilkinson, Alexander S.,$d1975-$eeditor.
=700  1\$aUlla Lorenzo, Alejandra,$eeditor.
=852  11$aBritish Library$bHMNTS$kRAR$h094.20946
=CAT  \\$a9518$b40$c20151221$lBLL01$h1047
=CAT  \\$aWR14_128$c20160226$lBLL01$h1635
=CAT  \\$a7483$b40$c20160302$lBLL01$h1433
=CAT  \\$a7483$b40$c20160302$lBLL01$h1436
=CAT  \\$a7483$b40$c20160302$lBLL01$h1440
=FIN  \\$aY$d20160302
=SID  \\$aZ39$bOCLC
=LAS  \\$a7483$b40$c20160302$lBLL01$h1440

