=LDR  01993 am a2200541 i 4500
=001  017693611
=003  Uk
=005  20180124132338.0
=008  151112s2016\\\\enk\\\\\\b\\\\001|0|eng|d
=FMT  \\$a  BK
=015  \\$aGBB602039$2bnb
=016  7\$a017693611$2Uk
=020  \\$a9781409406563$qhardback :$c£95.00
=020  \\$z9781317188797$qebook :$c£34.99
=020  \\$z9781315564517$qebook :$c£34.99
=020  \\$z9781317188780$qMobipocket ebook :$c£34.99
=020  \\$z9781317188803$qPDF ebook :$cNo price
=040  \\$aStDuBDS$beng$cStDuBDS$dUk$erda
=042  \\$aukblderived
=082  04$a610.938$223
=100  1\$aTouwaide, Alain.
=245  12$aA census of Greek medical manuscripts :$bfrom Byzantium to the Renaissance /$cAlain Touwaide.
=264  \1$aFarnham, Surrey :$bAshgate,$c[2016]
=300  \\$axx, 432 pages ;$c25 cm.
=336  \\$atext$2rdacontent
=337  \\$aunmediated$2rdamedia
=338  \\$avolume$2rdacarrier
=490  0\$aMedicine in the medieval Mediterranean
=504  \\$aIncludes bibliographical references and index.
=530  \\$aAlso published electronically.
=650  \0$aMedicine, Greek and Roman$xHistory$vSources.
=650  \0$aMedicine, Medieval$xHistory$vSources.
=650  \0$aManuscripts, Greek (Medieval and modern)
=776  08$iebook version :$z9781317188797
=852  11$aBritish Library$bHMNTS$kMSS$h610.9
=CAT  \\$aBATCH-CIPN$b00$c20160105$lBLL01$h1730
=CAT  \\$aBATCH-CIPC$b00$c20160209$lBLL01$h1702
=CAT  \\$aWR16_021$c20160720$lBLL01$h1705
=CAT  \\$aBATCH-CIPC$b00$c20160809$lBLL01$h1701
=CAT  \\$aWR16_021$c20160810$lBLL01$h1655
=CAT  \\$a11029$b40$c20180124$lBLL01$h0947
=CAT  \\$a11029$b40$c20180124$lBLL01$h0948
=CAT  \\$a11029$b40$c20180124$lBLL01$h0949
=CAT  \\$a11029$b40$c20180124$lBLL01$h0952
=CAT  \\$a10904$b40$c20180124$lBLL01$h1322
=CAT  \\$a10904$b40$c20180124$lBLL01$h1323
=FIN  \\$aY$d20180124
=LAS  \\$a10904$b40$c20180124$lBLL01$h1323

