=LDR  01876 am a2200445 i 4500
=001  017719208
=003  Uk
=005  20160219113207.0
=008  141020s2015\\\\gw\a\\\\\b\\\\001\0\eng\\
=FMT  \\$a  BK
=010  \\$a  2014035685
=020  \\$a9781493210152 (print : alk. paper)
=020  \\$a1493210157 (print : alk. paper)
=020  \\$z9781493210169 (ebook)
=020  \\$z9781493210176 (print and ebook : alk. paper)
=040  \\$aDLC$beng$cDLC$dUk$erda
=042  \\$aukblcatcopy
=050  00$aHF5548.4.R2$bM47 2015
=082  00$a005.3$223
=100  1\$aMergaerts, Mark.
=245  10$aUpgrading SAP :$bthe comprehensive guide /$cMark Mergaerts, Bert Vanstechelman, and Ingrid Van Wijhe.
=264  \1$aBonn :$bGalileo Press,$c[2015]
=300  \\$a572 pages :$billustrations ;$c23 cm
=336  \\$atext$2rdacontent
=337  \\$aunmediated$2rdamedia
=338  \\$avolume$2rdacarrier
=504  \\$aIncludes bibliographical references pages (543-551) and index.
=505  0\$aUpgrading SAP : the project perspective -- The SAP upgrade project -- Technical background information -- Planning the upgrade -- Preparing the technical upgrade -- A guided tour of the upgrade tools -- Upgrading SAP : the ABAP system -- Modification adjustment -- Upgrade of SAP Netweaver business intelligence -- Upgrade of SAP CRM -- Upgrade of the enterprise portal -- Upgrade of PI/PO -- Upgrade of solution manager.
=630  00$aSAP business suite.
=650  \0$aBusiness$xComputer programs.
=650  \0$aManagement information systems.
=650  \0$aSoftware maintenance.
=700  1\$aVanstechelman, Bert.
=700  1\$aVan Wijhe, Ingrid.
=852  11$aBritish Library$bSTI$k005.3
=CAT  \\$a11253$b40$c20160128$lBLL01$h1034
=CAT  \\$a11002$b40$c20160219$lBLL01$h1132
=FIN  \\$aY$d20160219
=SRC  \\$aBLL02
=LAS  \\$a11002$b40$c20160219$lBLL01$h1132

