=LDR  01296 am a2200385 i 4500
=001  017720033
=003  Uk
=005  20160302122127.0
=008  160129s2014\\\\sw\a\\\\\\\\\\001\0\eng\\
=FMT  \\$a  BK
=020  \\$a9789144105031 (paperback)
=040  \\$aUk$beng$cUk$erda
=042  \\$aukblsr
=082  04$a005.133$223
=100  1\$aBengtsson, Lars$c(Senior lecturer),$eauthor.
=245  10$aProgramming embedded systems :$b8-bit microcontrollers /$cLars Bengtsson.
=250  \\$aEdition 1:1.
=264  \1$aLund :$bStudentlitteratur,$c[2014]
=300  \\$a365 pages :$billustrations (black and white) ;$c23 cm
=336  \\$atext$2rdacontent
=337  \\$aunmediated$2rdamedia
=338  \\$avolume$2rdacarrier
=500  \\$a"Art no. 38811"--Title page verso.
=500  \\$aIncludes index.
=650  \0$aProgrammable controllers.
=650  \0$aMicrocontrollers$xProgramming.
=650  \0$aEmbedded computer systems$xProgramming.
=650  \0$aC (Computer program language)
=852  11$aBritish Library$bSTI$k005.133$m(C)
=CAT  \\$a6503$b40$c20160129$lBLL01$h1417
=CAT  \\$aBATCH-UPD$b40$c20160129$lBLL01$h1417
=CAT  \\$a9671$b40$c20160229$lBLL01$h1346
=CAT  \\$a5100$b40$c20160302$lBLL01$h1221
=FIN  \\$aY$d20160229
=LAS  \\$a5100$b40$c20160302$lBLL01$h1221

