=LDR  00891cas a22002413i 4500
=001  017724360
=003  Uk
=005  20220114130110.0
=008  160202d\\\\9999enk|\|p\\\\\\\\\\\a0eng\\
=FMT  \\$a  SE
=245  \0$aWorld church news.
=264  \1$aLondon :$bMethodist Church in Britain.
=883  0\$aLanguage codes assigned by Bayesian analysis of words present in record$d20201028$qUk$c0.9010
=852  41$aBritish Library$bHMNTS$x20160520
=985  \\$aUpgraded by BSS-generated file for WR1910-0531
=985  \\$aUpgraded by BSS-generated file for WR2011-1472
=CAT  \\$a8464$b40$c20160202$lBLL01$h1401
=CAT  \\$aBATCH$b00$c20191111$lBLL01$h0956
=CAT  \\$aBATCH$b00$c20191111$lBLL01$h0958
=CAT  \\$aW1910-0531$b00$c20191114$lBLL01$h1212
=CAT  \\$aW2011-1472$b00$c20201127$lBLL01$h1845
=CAT  \\$a7764$b40$c20220114$lBLL01$h1301
=LAS  \\$a7764$b40$c20220114$lBLL01$h1301

