=LDR  02200 am a2200517 i 4500
=001  017737050
=003  Uk
=005  20200302160955.0
=006  m\\\\\\\\d\\\\\\\\
=008  160209r19971954gw\\\\\\\b\\\\001\0\lat\\
=FMT  \\$a  BK
=020  \\$a9783886123322
=040  \\$aUk$beng$cUk$erda
=041  0\$alat$ager
=042  \\$aukblsr
=130  0\$aLex Ripuaria.
=245  10$aLex Ribuaria /$cherausgegeben von Franz Beyerle und Rudolf Buchner.
=264  \1$aHannover :$bHahnsche Buchhandlung,$c1997.
=264  \3$c1954.
=300  \\$a217 pages ;$c30 cm.
=336  \\$atext$2rdacontent
=337  \\$acomputer$2rdamedia
=338  \\$aonline resource$2rdacarrier
=490  1\$aMonumenta Germaniae historica. Leges nationum Germanicarum, legum sectio 1 ;$v3, 2
=546  \\$aText in Latin; introduction and commentary in German.
=500  \\$a"Unveränderter Nachdruck der Ausgabe von 1954"--Front cover.
=500  \\$aOriginally published: Hannoverae : Impensis Bibliopolii Hahniani, 1954.
=534  \\$pFacsimile of book.$tMonumenta Germaniae historica. Leges nationum Germanicarum tomi III, pars II: Lex Ribuaria.$cHannoverae: Impensis Bibliopolii Hahniani, 1951.
=504  \\$aIncludes bibliographical references and indexes.
=650  \0$aLaw, Frankish$vSources.
=650  \0$aRipuarian law$vSources.
=700  1\$aBeyerle, Franz,$d1885-1977,$eeditor.
=700  1\$aBuchner, Rudolf,$eeditor.
=710  2\$aGesellschaft für Ältere Deutsche Geschichtskunde (Germany)
=830  \0$aMonumenta Germaniae historica inde ab anno Christi quingentesimo usque ad annum millesimum et quingentesimum.$nLegum sectio I,$pLegum nationum Germanicarum ;$vt. 3, pars 2.
=852  11$aBritish Library$bHMNTS$kHLL$h943$m(MG-L3,2)
=CAT  \\$a9518$b40$c20160209$lBLL01$h1114
=CAT  \\$aBATCH-001$c20191111$lBLL01$h1619
=CAT  \\$a11327$b40$c20200207$lBLL01$h1303
=CAT  \\$a11327$b40$c20200207$lBLL01$h1305
=CAT  \\$a11327$b40$c20200207$lBLL01$h1459
=CAT  \\$a11327$b40$c20200211$lBLL01$h1213
=CAT  \\$a11327$b40$c20200212$lBLL01$h1151
=CAT  \\$a11327$b40$c20200302$lBLL01$h1609
=FIN  \\$aY$d20200207
=LAS  \\$a11327$b40$c20200302$lBLL01$h1609

