=LDR  01674 am a22004217i 4500
=001  017770252
=003  Uk
=005  20160808105634.0
=008  160226s2016\\\\nyu\\\\\\\\\\\000\0\eng\d
=FMT  \\$a  BK
=020  \\$a1574403753
=020  \\$a9781574403756
=035  \\$a(OCoLC)941435337
=040  \\$aYDXCP$beng$cYDXCP$dCOO$dORE$dUk$erda
=042  \\$aukblderived
=050  \4$aZ701.3.C65$bS87 2016
=245  00$aSurvey of best practices in digital image collection management /$cPrimary Research Group staff.
=250  \\$a2016 edition.
=264  \1$a[New York?] :$bPrimary Research Group,$c2016.
=300  \\$a312 pages ;$c28 cm
=336  \\$atext$btxt$2rdacontent
=337  \\$aunmediated$bn$2rdamedia
=338  \\$avolume$bnc$2rdacarrier
=505  0\$aThe questionnaire -- Participants list -- Characteristics of the sample -- Summary of main findings. Digital image management introduction -- Management system -- Discovery and access -- Retrieval -- Revenues -- Preservation.
=650  \0$aDigital preservation.
=650  \0$aLibrary materials$xDigitization.
=650  \0$aArchival materials$xDigitization.
=650  \7$aArchival materials$xDigitization.$2fast$0(OCoLC)fst00814004
=650  \7$aDigital preservation.$2fast$0(OCoLC)fst00893721
=650  \7$aLibrary materials$xDigitization.$2fast$0(OCoLC)fst00997814
=710  2\$aPrimary Research Group.
=852  11$aBritish Library$bHMNTS$cSPHOA$kHUR027.7
=CAT  \\$a6503$b40$c20160309$lBLL01$h1553
=CAT  \\$aBATCH-ROF$b00$c20160312$lBLL01$h1748
=CAT  \\$a10904$b40$c20160808$lBLL01$h1056
=FIN  \\$aY$d20160808
=SID  \\$aZ39$bOCLC
=LAS  \\$a10904$b40$c20160808$lBLL01$h1056

