=LDR  01572pam a2200445 i 4500
=001  017777476
=003  Uk
=005  20160615103839.0
=008  160217s2016\\\\nyuab\\\\b\\\\001|0|eng|d
=FMT  \\$a  BK
=015  \\$aGBB641365$2bnb
=016  7\$a017777476$2Uk
=020  \\$a9781617292149 (pbk.) :$cNo price
=020  \\$a1617292141 (pbk.) :$cNo price
=040  \\$aStDuBDS$beng$cStDuBDS$dUk$erda
=042  \\$aukblcatcopy
=082  04$a910.285$223
=100  1\$aGarrard, Chris$q(Christine M.),$eauthor.
=245  10$aGeoprocessing with Python /$cChris Garrard.
=264  \1$aShelter Island, NY :$bManning,$c[2016]
=300  \\$axviii, 342 pages :$billustrations, maps ;$c24 cm
=336  \\$atext$2rdacontent
=336  \\$astill image$2rdacontent
=337  \\$aunmediated$2rdamedia
=338  \\$avolume$2rdacarrier
=504  \\$aIncludes bibliographical references and index.
=500  \\$aFormerly CIP.$5Uk
=650  \0$aGlobal Positioning System$xComputer programs.
=650  \0$aGlobal Positioning System$xData processing.
=650  \0$aGeographic information systems$xData processing.
=650  \0$aPython (Computer program language)
=852  11$aBritish Library$bHMNTS$k(B)$h910.285
=CAT  \\$aBATCH-CIPN$b00$c20160322$lBLL01$h1701
=CAT  \\$a10812$b40$c20160608$lBLL01$h0924
=CAT  \\$a7183$b40$c20160609$lBLL01$h1127
=CAT  \\$a10804$b40$c20160610$lBLL01$h1158
=CAT  \\$a10804$b40$c20160615$lBLL01$h1038
=CAT  \\$aWR16_021$c20160720$lBLL01$h1715
=FIN  \\$aY$d20160609
=LAS  \\$aWR16_021$b00$c20160720$lBLL01$h1715

