=LDR  01586cas a2200409 i 4500
=001  017780070
=003  Uk
=005  20160323160903.0
=007  ta
=008  160323c20uu9999enkuu\p\\\\\\\0\\\a0eng\\
=FMT  \\$a  SE
=022  0\$a2398-0036$202
=040  \\$aUk$beng$cUk$erda
=042  \\$aukblsr$aissnuk
=082  04$a332.72094105$223
=222  \0$aMortgage professional
=245  00$aMortgage professional /$cSociety of Mortgage Professionals ; CII.
=264  \1$a[London] :$b[Society of Mortgage Professionals]
=300  \\$billustrations (black and white, and colour) ;$c28 cm
=336  \\$atext$2rdacontent
=337  \\$aunmediated$2rdamedia
=338  \\$avolume$2rdacarrier
=588  \\$aDescription based on: issue 10 (January/February 2016).
=610  20$aSociety of Mortgage Professionals$vPeriodicals.
=650  \0$aMortgages$zGreat Britain$vPeriodicals.
=650  \0$aMortgage brokers$zGreat Britain$vPeriodicals.
=650  \0$aMortgage consultants$xServices for$zGreat Britain$vPeriodicals.
=690  7\$aManagement and Business Studies$2blcoll
=710  2\$aSociety of Mortgage Professionals,$eissuing body.
=710  2\$aChartered Insurance Institute.
=852  11$aBritish Library$bSTI$cBIPC$k(P) 332.72094105$m-E(1) Business$3Issue 10 (Jan./Feb. 2016)-issue 19 (Spring:2018)***Last 4 years
=CAT  \\$a11205$b40$c20160323$lBLL01$h0957
=CAT  \\$a11205$b40$c20160323$lBLL01$h1044
=CAT  \\$a8871$b40$c20160323$lBLL01$h1609
=CAT  \\$aBATCH-MBS$c20161028$lBLL01$h2114
=FIN  \\$aY$d20160323
=LAS  \\$aBATCH-MBS$b00$c20161028$lBLL01$h2114

