=LDR  01358pam a2200421 i 4500
=001  017835581
=003  Uk
=005  20160808104454.0
=008  160302s2016\\\\enk\\\\\\b\\\\001|0|eng|d
=FMT  \\$a  BK
=015  \\$aGBB662118$2bnb
=016  7\$a017835581$2Uk
=020  \\$a9781847166463 (pbk.) :$c£9.99
=040  \\$aStDuBDS$beng$cStDuBDS$dUk$erda
=042  \\$aukblcatcopy
=082  04$a658.11$223
=100  1\$aClarke, Gordon,$eauthor.
=245  10$aBusiness start up and future planning /$cGordon Clarke.
=250  \\$aRevised edition.
=264  \1$aBrighton :$bEmerald,$c2016.
=300  \\$a141 pages ;$c21 cm.
=336  \\$atext$2rdacontent
=337  \\$aunmediated$2rdamedia
=338  \\$avolume$2rdacarrier
=490  0\$aEmerald business
=500  \\$aPrevious edition: 2014.
=504  \\$aIncludes bibliographical references and index.
=500  \\$aFormerly CIP.$5Uk
=650  \0$aSmall business$xManagement.
=650  \0$aNew business enterprises.
=690  7\$aManagement and Business Studies$2blcoll
=852  11$aBritish Library$bSTI$cBIPC$kSBH.$kSTAR.28
=CAT  \\$aBATCH-CIPN$b00$c20160503$lBLL01$h1800
=CAT  \\$aWR16_021$c20160720$lBLL01$h1720
=CAT  \\$a10904$b40$c20160808$lBLL01$h1044
=CAT  \\$aBATCH-MBS$c20160819$lBLL01$h2112
=FIN  \\$aY$d20160808
=LAS  \\$aBATCH-MBS$b00$c20160819$lBLL01$h2112

