=LDR  01661 am a22004691i 4500
=001  017901528
=003  Uk
=005  20181220212239.0
=008  181210s2016\\\\enka\\\j\\\\\\000|f|eng|d
=FMT  \\$a  BK
=015  \\$aGBB8O1421$2bnb
=016  7\$a017901528$2Uk
=020  \\$a9780993047930 (paperback) :$c£6.99
=040  \\$aStDuBDS$beng$cStDuBDS$erda
=042  \\$aukblsr
=082  04$a823.92$223
=100  1\$aParish, Jessica,$eauthor.
=245  14$aThe magic bone /$cwritten by Jessica Parish ; illustrated by Helen Poole.
=264  \1$aSt Helens :$bPugalugs Publishing Group,$c2016.
=300  \\$a1 volume (unpaged) :$bchiefly illustrations (colour) ;$c22 cm.
=336  \\$atext$2rdacontent
=336  \\$astill image$2rdacontent
=337  \\$aunmediated$2rdamedia
=338  \\$avolume$2rdacarrier
=490  0\$aThe adventures of Pugalugs
=655  \7$aChildren's stories$vPictorial works.$2gsafd
=700  1\$aPoole, Helen,$d1979-$eartist.
=852  11$aBritish Library$bHMNTS$kYKL.2018.a.16797
=985  \\$aNETCAT record
=CAT  \\$aBATCH-CMLD$b00$c20160702$lBLL01$h1735
=CAT  \\$aBATCH-UPD$b00$c20160702$lBLL01$h1736
=CAT  \\$aBATCH-ROF$b00$c20160702$lBLL01$h1753
=CAT  \\$a11373$b40$c20170315$lBLL01$h1343
=CAT  \\$aBATCH-016$c20170430$lBLL01$h1646
=CAT  \\$aW1706-0374$c20170608$lBLL01$h1746
=CAT  \\$aW1806-2088$c20180703$lBLL01$h1800
=CAT  \\$a10999$b40$c20180903$lBLL01$h1440
=CAT  \\$aBATCH-SURR$b00$c20181220$lBLL01$h2122
=CAT  \\$aBATCH-016$c20181226$lBLL01$h2146
=FIN  \\$aY$d20181220
=SRC  \\$aNETCAT$bnetcatprn.20181220
=LAS  \\$aBATCH-016$b00$c20181226$lBLL01$h2146

