=LDR  01649cam a2200481 i 4500
=001  017916080
=003  Uk
=005  20170622212354.0
=008  160125s2017\\\\nyua\\\\\b\\\\001\0\eng\\
=FMT  \\$a  BK
=010  \\$a2016001248  
=020  \\$a9781138927704 (hardback)
=020  \\$a9781138927711 (pbk.)
=040  \\$aDLC$beng$cDLC$dDLC$dUk$erda
=042  \\$aukblcatcopy
=050  00$aP96.E25$bG573 2017
=082  00$a338.4730223$223
=245  00$aGlobal media giants /$cedited by Benjamin J. Birkinbine, Rodrigo Gómez, and Janet Wasko.
=264  \1$aNew York :$bRoutledge,$c2017.
=300  \\$axiii, 496 pages :$billustrations ;$c27 cm.
=336  \\$atext$2rdacontent
=337  \\$aunmediated$2rdamedia
=338  \\$avolume$2rdacarrier
=504  \\$aIncludes bibliographical references and index.
=650  \0$aMass media$xEconomic aspects.
=650  \0$aMass media$xManagement.
=650  \0$aMass media and globalization.
=690  7\$aManagement and Business Studies$2blcoll
=700  1\$aBirkinbine, Benjamin J.,$eeditor.
=700  1\$aGómez, Rodrigo,$eeditor.
=700  1\$aWasko, Janet,$eeditor.
=852  11$aBritish Library$bHMNTS$kNRR$h302.23
=BUF  \\$aN2$d20160718
=CAT  \\$a6503$b40$c20160706$lBLL01$h1231
=CAT  \\$a11002$b40$c20160718$lBLL01$h1602
=CAT  \\$aBATCH-MBS$c20160801$lBLL01$h1618
=CAT  \\$aBATCH-BUOC$b00$c20170622$lBLL01$h2123
=CAT  \\$aBATCH-UPD$b00$c20170622$lBLL01$h2124
=CAT  \\$aBATCH-MBS$c20170630$lBLL01$h2105
=CAT  \\$aW2308-1659$c20230923$lBLL01$h1008
=FIN  \\$aY$d20160718
=SRC  \\$aBLL02
=LAS  \\$aW2308-1659$b00$c20230923$lBLL01$h1008

