=LDR  01013 cm a22002653i 4500
=001  017923465
=003  Uk
=005  20160711092939.0
=008  160708s2015\\\\xxu\\m\\\\\\\\\\\\\\\\\\d
=FMT  \\$a  MU
=020  \\$a9781480395268 (sewn) :
=024  3\$a9781480395268
=028  30$aED 4572$bG. Schirmer
=035  \\$a(GyWOH)har155002271
=040  \\$aGyWOH$beng$cGyWOH
=245  04$aThe G. Schirmer viola anthology$b11 works from the 20th and 21st centuries.
=260  \\$aNew York :$bG. Schirmer,$c2015.
=300  \\$a1 score (vii, 62 pages) + 1 part (35 pages) ;$c31 cm.
=500  \\$aFor viola and piano.
=500  \\$aNotes on the music in English.
=500  \\$aContains works by Ernest Bloch, Rebecca Clarke, John Corigliano, John Harbison, Karel Husa, Bohuslav Martinu, Bright Sheng, Dmitri Shostakovich and Augusta Read Thomas.
=852  41$aBritish Library$bDSC$cMUSIC
=CAT  \\$aBATCH-HARR$b00$c20160711$lBLL01$h0929
=SRC  \\$aHarrassowitz - Supplier
=LAS  \\$aBATCH-HARR$b00$c20160711$lBLL01$h0929

