=LDR  01842pam a2200505 i 4500
=001  017953126
=003  Uk
=005  20181119084628.0
=008  160617r20162014xxkab\\\\b\\\\000|0|eng|d
=FMT  \\$a  BK
=015  \\$aGBB6A3238$2bnb
=016  7\$a017953126$2Uk
=020  \\$a9780141978796 (pbk.) :$c£14.99
=040  \\$aStDuBDS$beng$cStDuBDS$dUk$erda
=042  \\$aukblcatcopy
=082  04$a942.1$223
=100  1\$aCheshire, James,$eauthor.
=245  10$aLondon :$bthe information capital : 100 maps and graphics that will change how you view the city /$cJames Cheshire, Oliver Uberti.
=264  \1$aLondon :$bPenguin Books,$c2016.
=300  \\$a239 pages :$billustrations (black and white, and colour), maps (colour) ;$c23 x 28 cm
=336  \\$atext$2rdacontent
=336  \\$astill image$2rdacontent
=336  \\$acartographic image$2rdacontent
=337  \\$aunmediated$2rdamedia
=338  \\$avolume$2rdacarrier
=500  \\$aOriginally published: London: Particular Books, 2014.
=504  \\$aIncludes bibliographical references.
=500  \\$aFormerly CIP.$5Uk
=651  \0$aLondon (England)$vStatistics.
=651  \0$aLondon (England)$vMaps.
=650  \0$aInformation visualization.
=700  1\$aUberti, Oliver,$eauthor.
=852  41$aBritish Library$bHMNTS$kMaps ref D.2$h(131)
=985  \\$aItem flagged as published. By WR# 1807-1325
=CAT  \\$aBATCH-CIPN$b00$c20160802$lBLL01$h1700
=CAT  \\$a6923$b40$c20161124$lBLL01$h1353
=CAT  \\$aW1807-1325$c20180728$lBLL01$h1411
=CAT  \\$aBATCH-UPD$b00$c20180728$lBLL01$h1453
=CAT  \\$aW1807-1325$c20180728$lBLL01$h1521
=CAT  \\$a10904$b40$c20181119$lBLL01$h0845
=CAT  \\$a10904$b40$c20181119$lBLL01$h0846
=EXP  \\$aX$d20170604
=FIN  \\$aY$d20181119
=SRC  \\$aBDZ$bblihback
=LAS  \\$a10904$b40$c20181119$lBLL01$h0846

