=LDR  01104cam a2200325 i 4500
=001  018008494
=003  Uk
=005  20170703125150.0
=008  160913s1863\\\\enk\\\\\\\\\\|0|0\0|srp\\
=FMT  \\$a  BK
=040  \\$aUk$beng$cUk$erda
=042  \\$aukblsr
=100  1\$aLisac A. Lj.,$eauthor.
=245  10$aEkcesi Turaka u Srbiji od 1839. do 1863, u kratkom i površnom pregledu, na osnovu zvaničnih akta, po engleskom.
=264  \1$aLondon :$bkod Rajnela,$c1863.
=300  \\$a29 pages ;$c23 cm
=336  \\$atext$2rdacontent
=337  \\$aunmediated$2rdamedia
=338  \\$avolume$2rdacarrier
=546  \\$aIn Serbian$b(Cyrillic).
=650  \7$aTurks.$2fast$0(OCoLC)fst01159574
=651  \7$aSerbia.$2fast$0(OCoLC)fst01692602
=648  \7$a1839-1863.$2fast
=655  \7$aSocial history.$2fast$0(OCoLC)fst01122498
=852  41$aBritish Library$bHMNTS$qImperfect; cover missing.
=CAT  \\$a10039$b40$c20160913$lBLL01$h1436
=CAT  \\$a10039$b40$c20170703$lBLL01$h1251
=CAT  \\$aW2308-1659$c20230923$lBLL01$h1009
=FIN  \\$aY$d20170703
=LAS  \\$aW2308-1659$b00$c20230923$lBLL01$h1009

