=LDR  01567cas a22003977i 4500
=001  018048358
=003  Uk
=005  20220713161737.0
=007  ta
=008  141120d20uu2016enkuu\\\\\\\\\0\\\a0eng\\
=FMT  \\$a  SE
=040  \\$aUk$beng$cUk$erda
=082  04$a338.76$223
=110  2\$aArtemis Global Emerging Markets Fund,$eauthor.
=245  10$a[Annual reports, financial reports, etc.] /$cArtemis Global Emerging Markets Fund.
=246  13$aManager's short report
=264  \1$aLondon :$bArtemis Fund Managers Limited
=336  \\$atext$2rdacontent
=337  \\$aunmediated$2rdamedia
=338  \\$avolume$2rdacarrier
=500  \\$aIncludes strategic and forecasting reports where available.
=588  \\$aDescription based on: Manager's short report, for the period from 8 April 2015 to 29 February 2016.
=610  20$aArtemis Global Emerging Markets Fund$vPeriodicals.
=650  \0$aCorporation reports$zGreat Britain$vPeriodicals.
=650  \0$aBusiness planning$zGreat Britain$vPeriodicals.
=690  7\$aManagement and Business Studies$2blcoll
=710  2\$aArtemis Fund Managers (Firm)
=852  41$aBritish Library$bSTI$cBIPC$32016
=985  \\$aCompany financial reports record.
=CAT  \\$a8124$b40$c20161006$lBLL01$h1530
=CAT  \\$a8871$b40$c20161007$lBLL01$h1357
=CAT  \\$aBATCH-MBS$c20161021$lBLL01$h2111
=CAT  \\$a7764$b40$c20220713$lBLL01$h1617
=FIN  \\$aY$d20161006
=LET  \0$aCompany reports of operating and financial results for Artemis Global Emerging Markets Fund
=LAS  \\$a7764$b40$c20220713$lBLL01$h1617

