=LDR  01235cam a22003377i 4500
=001  018049403
=003  Uk
=005  20230922144722.0
=008  950613s1765\\\\gw\\\\\\\\\\\\000\0\ger\d
=FMT  \\$a  BK
=035  \\$a(OCoLC)312470012
=040  \\$aDEBSZ$bger$cDEBSZ$dOCLCQ$dUk$erda$erakwb
=041  1\$ager$hfre
=100  1\$aVoltaire,$d1694-1778.
=240  10$aLettres secrètes.$lGerman
=245  10$aGeheime Briefe des Herrn von Voltaire /$cherausgegeben von dem Herrn L*** B*** . Aus dem Französischen übersetzt
=246  3\$aGeheime Briefe
=264  \1$aFrankfurt und Leipzig :$b[s.n.],$c1765
=300  \\$a126, pages ;$c18 cm
=336  \\$atext$2rdacontent
=337  \\$aunmediated$2rdamedia
=338  \\$avolume$2rdacarrier
=500  \\$aEdited by Jean-Baptiste René Robinet, translated by Johann Friedrich Syfart.
=700  1\$aRobinet, J. B.$q(Jean Baptiste),$d1735-1820,$eeditor.
=700  1\$aSeyfart, Johann Friedrich,$dactive 1721-1756,$etranslator.
=852  41$aBritish Library$bHMNTS$qCopy at . Wanting the title page.
=CAT  \\$a3563$b40$c20161007$lBLL01$h1539
=CAT  \\$a9243$b40$c20230922$lBLL01$h1447
=FIN  \\$aY$d20230922
=SID  \\$aZ39$bOCLC
=LAS  \\$a9243$b40$c20230922$lBLL01$h1447

