=LDR  01959 am a2200553 i 4500
=001  018135710
=003  Uk
=005  20170202115235.0
=008  161118s2017\\\\gw\a\\\\\b\\\|0|1\0|eng\d
=FMT  \\$a  BK
=015  \\$aGBB714895$2bnb
=020  \\$a9783110462968$q(hd.bd.)
=020  \\$a3110462966$q(hd.bd.)
=020  \\$z9783110463088 (ePub : online)
=020  \\$z9783110465532 (print + online)
=024  3\$a9783110462968
=035  \\$a(OCoLC)964459914
=040  \\$aOHX$beng$cOHX$dOCLCO$dUk$erda
=042  \\$aukblsr
=072  \7$aHM$2lcco
=072  \7$aHD$2lcco
=082  04$a025.52$223
=100  1\$aSt. Clair, Guy,$d1940-$eauthor.
=245  10$aKnowledge services :$ba strategic framework for the 21st century organization /$cGuy St. Clair.
=264  \1$aBerlin :$bDe Gruyter Saur,$c[2017]
=300  \\$a316 pages :$billustrations (black and white) ;$c24 cm.
=336  \\$atext$2rdacontent
=337  \\$aunmediated$2rdamedia
=338  \\$avolume$2rdacarrier
=490  0\$aCurrent topics in library and information practice,$x2191-2742
=530  \\$aAlso published electronically.
=504  \\$aIncludes bibliographical references and index.
=650  \0$aKnowledge management.
=650  \0$aInformation services.
=650  \0$aBusiness enterprises$xInformation resources management.
=650  \0$aAssociations, institutions, etc.$xInformation resources management.
=776  0\$z9783110463088 (ePub : online)
=776  0\$w(GyWOH)har165015581
=776  0\$z9783110465532 (print + online)
=776  0\$w(GyWOH)har165015582
=852  11$aBritish Library$bHMNTS$kHUR$h020
=CAT  \\$a6503$b40$c20161207$lBLL01$h1620
=CAT  \\$aBATCH-UPD$b40$c20161207$lBLL01$h1620
=CAT  \\$aBATCH-ROF$b00$c20161210$lBLL01$h1747
=CAT  \\$a11014$b40$c20170202$lBLL01$h1152
=CAT  \\$aW1707-0052$c20170703$lBLL01$h1935
=FIN  \\$aY$d20170202
=SID  \\$aZ39$bOCLC
=LAS  \\$aW1707-0052$b00$c20170703$lBLL01$h1935

