=LDR  01771 am a2200505 i 4500
=001  018156129
=003  Uk
=005  20170222103120.0
=008  930823s1992\\\\cc\a\\\\\\\\\\000\0\chi\c
=FMT  \\$a  BK
=020  \\$a9621710812$qpbk.
=020  \\$a9789621710819$qpbk
=035  \\$a(OCoLC)28683257
=040  \\$aZQP$beng$cZQP$dOCLCQ$dCALIS$dOCLCQ$dOCLCF$dOCLCO$dOCLCQ$dUk$erda
=041  1\$achi$heng
=042  \\$aukblderived
=100  1\$aPaczuska, Anna.
=240  10$aSocialism for beginners.$lChinese
=245  10$6880-01$aShe hui zhu yi qian jie /$cAnna Paczuska ; Chen xi yi.
=264  \4$6880-02$aXianggang :$bBo yi chu ban,$c1992.
=300  \\$6880-03$a174 pages :$billustrations ;$c21 cm.
=336  \\$atext$btxt$2rdacontent
=337  \\$aunmediated$bn$2rdamedia
=338  \\$avolume$bnc$2rdacarrier
=490  0\$6880-04$aMan hua da shi ji lu bao ku
=500  \\$aIn: "Man hua da shi ji lu bao ku".
=650  \0$aSocialism.
=650  \0$aCommunism.
=650  \7$aCommunism.$2fast$0(OCoLC)fst00870421
=650  \7$aSocialism.$2fast$0(OCoLC)fst01123637
=700  1\$6880-05$aCheng, Xi.
=830  \0$6880-06$aMan hua da shi ji lu bao ku.
=880  1\$6245-01$a社會主義淺介$cAnna Paczuska ; 程希 , 譯.
=880  \1$6264-02$a香港 :$b博益出版集團,$c1992
=880  \\$6300-03$a1冊(174頁) :$b圖;$c21公分
=880  \\$6490-04$a漫畫大事紀錄寶庫
=880  \\$6700-05$a程希.
=880  \\$6830-06$a漫畫大事紀錄寶庫.
=852  41$aBritish Library$bOC$iCHI.1993.a.273
=CAT  \\$a11693$b40$c20161222$lBLL01$h1736
=CAT  \\$a11693$b40$c20170222$lBLL01$h1030
=CAT  \\$a11693$b40$c20170222$lBLL01$h1031
=FIN  \\$aY$d20161222
=SID  \\$aZ39$bOCLC
=LAS  \\$a11693$b40$c20170222$lBLL01$h1031

