=LDR  00942 am a2200277 i 4500
=001  018167904
=003  Uk
=005  20170109143128.0
=008  170109s1983\\\\vm\\\\\\\\\\\|0|0\0|vie\\
=FMT  \\$a  BK
=040  \\$aUk$beng$cUk$erda
=042  \\$aukblsr
=100  0\$aAeschylus,$eauthor.
=245  10$aBi kịch Hy Lap Prômêtê bị xiềng /$cAeschylus ; Hoàng Hữu Đản, dịch.
=264  \1$aHà Nội :$bĐại học và trung học chuyên nghiệp,$c1983.
=300  \\$a79 pages ;$c19 cm
=336  \\$atext$2rdacontent
=337  \\$aunmediated$2rdamedia
=338  \\$avolume$2rdacarrier
=650  \0$aGreek literature$vTranslations into Vietnamese.
=700  1\$aHoàng, Hữu Đản,$etranslator.
=852  41$aBritish Library$bOC$gSEA.1986.a.3983
=CAT  \\$a12395$b40$c20170109$lBLL01$h1319
=CAT  \\$a12395$b40$c20170109$lBLL01$h1431
=FIN  \\$aY$d20170109
=LAS  \\$a12395$b40$c20170109$lBLL01$h1431

