=LDR  01547 am a2200373 i 4500
=001  018169868
=003  Uk
=005  20170606141614.0
=008  151023s1568\\\\it\\\\\\\\\\\\000\|\ita\\
=FMT  \\$a  BK
=026  \\$aoni- e.r- n-at glHa (3) 1568 (R)$2fei
=040  \\$aUk$beng$cUk$erda$edcrmb
=041  1\$aita$hspa
=100  0\$aLuis,$cde Granada,$d1504-1588,$eauthor.
=240  10$aGuia de pecadores.$lItalian
=245  10$aGuida de' peccatori nella quale s'insegna tutto ciò che deue far il christiano dal principio della sua conuersione per insin alla perfettione.$cComposta dal r.p.f. Luigi di Granata dell'ordine di s. Domenico: nuouamente tradotta di spagnuolo in italiano.
=264  \1$aIn Fiorenza :$bappresso i Giunti,$cMDLXVIII [1568]
=300  \\$a277, [3] pages ;$c16 cm (8º)
=336  \\$atext$2rdacontent
=337  \\$aunmediated$2rdamedia##csn
=338  \\$avolume$2rdacarrier
=340  \\$m8vo$2rdabf
=500  \\$aSignatures: A-R⁸ S⁴.
=510  0\$aEDIT16: CNCE 28305
=650  \0$aSin$xChristianity$vEarly works to 1800.
=852  41$aBritish Library$bHMNTS$qCopy at XXXX. Imperfect: bottom half of titlepage has been cut away.
=985  \\$aCorrected by MS generated file for WR# 1805-0738
=CAT  \\$a9408$b40$c20170110$lBLL01$h1523
=CAT  \\$a9408$b40$c20170110$lBLL01$h1542
=CAT  \\$a8250$b40$c20170606$lBLL01$h1416
=CAT  \\$a1805-0738$c20190111$lBLL01$h1754
=CAT  \\$a1805-0738$b00$c20190111$lBLL01$h1819
=FIN  \\$aY$d20170110
=LAS  \\$a1805-0738$b00$c20190111$lBLL01$h1819

