=LDR  01385pam a2200409 i 4500
=001  018171237
=003  Uk
=005  20170503140119.0
=008  161101s2017\\\\enka\\\j\\\\\\000|0|eng|d
=FMT  \\$a  BK
=015  \\$aGBB704105$2bnb
=016  7\$a018171237$2Uk
=020  \\$a9781445152806 (hbk.) :$c£12.99
=040  \\$aStDuBDS$beng$cStDuBDS$dUk$erda
=042  \\$aukblcatcopy
=082  04$a338.04$223
=100  1\$aStorey, Rita,$eauthor.
=245  10$aHow to make money from cooking and baking /$cRita Storey.
=264  \1$aLondon :$bFranklin Watts,$c2017.
=300  \\$a32 pages :$billustrations ;$c25 cm
=336  \\$atext$2rdacontent
=336  \\$astill image$2rdacontent
=337  \\$aunmediated$2rdamedia
=338  \\$avolume$2rdacarrier
=500  \\$aFormerly CIP.$5Uk
=650  \0$aEntrepreneurship$vJuvenile literature.
=650  \0$aFood industry and trade$vJuvenile literature.
=650  \0$aFinance, Personal$vJuvenile literature.
=690  7\$aManagement and Business Studies$2blcoll
=852  11$aBritish Library$bSTI$cBIPC$kSBH.$kBT.52
=CAT  \\$aBATCH-CIPN$b00$c20170110$lBLL01$h1700
=CAT  \\$a11002$b40$c20170503$lBLL01$h1356
=CAT  \\$a11002$b40$c20170503$lBLL01$h1400
=CAT  \\$a11002$b40$c20170503$lBLL01$h1401
=CAT  \\$aBATCH-MBS$c20170512$lBLL01$h2127
=FIN  \\$aY$d20170503
=LAS  \\$aBATCH-MBS$b00$c20170512$lBLL01$h2127

