=LDR  01790cam a2200493 i 4500
=001  018222148
=003  Uk
=005  20210929215211.0
=008  150120s2019\\\\enk\\\\\\b\\\\001\0\eng\d
=FMT  \\$a  BK
=015  \\$aGBC1G0133$2bnb
=016  7\$a018222148$2Uk
=020  \\$a9780415716048$qhardback :$c£150.00
=020  \\$a0415716047$qhardback :$c£150.00
=020  \\$z9781134743773$q(epub)
=020  \\$z9781134743704$q(pdf)
=020  \\$z9781134743841$q(mobikindle)
=040  \\$aUK-WkNB$beng$cUK-WkNB$dUk$erda
=042  \\$aukblsr
=082  04$a823.9209$223
=245  04$aThe Routledge companion to twenty-first century literary fiction /$cedited by Daniel O'Gorman and Robert Eaglestone.
=264  \1$aLondon :$bRoutledge,$c2019.
=300  \\$axiv, 460 pages ;$c26 cm.
=336  \\$atext$2rdacontent
=337  \\$aunmediated$2rdamedia
=338  \\$avolume$2rdacarrier
=490  0\$aRoutledge companions to literature series
=504  \\$aIncludes bibliographical references and index.
=530  \\$aAlso available online.
=650  \0$aEnglish fiction$y21st century$xHistory and criticism.
=650  \0$aAmerican fiction$y21st century$xHistory and criticism.
=700  1\$aO'Gormon, Daniel,$eeditor.
=700  1\$aEaglestone, Robert,$d1968-$eeditor.
=852  11$aBritish Library$bHMNTS$kHLR$h823.9209
=CAT  \\$aBATCH-CMLD$b00$c20170211$lBLL01$h1735
=CAT  \\$aBATCH-UPD$b00$c20170211$lBLL01$h1736
=CAT  \\$aBATCH-ROF$b00$c20170211$lBLL01$h1749
=CAT  \\$aBATCH-016$c20170430$lBLL01$h1654
=CAT  \\$aW1706-0374$c20170608$lBLL01$h1751
=CAT  \\$a11251$b40$c20210925$lBLL01$h1012
=CAT  \\$aBATCH-016$c20210929$lBLL01$h2152
=FIN  \\$aY$d20210925
=SRC  \\$aNielsen Bookdata
=LAS  \\$aBATCH-016$b00$c20210929$lBLL01$h2152

