=LDR  01731aam a2200493 i 4500
=001  018228841
=003  Uk
=005  20200123211905.0
=008  170208s2018\\\\enka\\\\\\\\\\000|0|eng|d
=FMT  \\$a  BK
=010  \\$a2017013902  
=015  \\$aGBB722679$2bnb
=016  7\$a018228841$2Uk
=020  \\$a9781138831025 (hbk.) :$c£150.00
=020  \\$z9781317568216 (ePub ebook) :$c£150.00
=020  \\$z9781317568223 (PDF ebook) :$c£150.00
=020  \\$z9781317568209 (Mobipocket ebook) :$c£150.00
=020  \\$z9781315736822 (ebook) :$c£150.00
=040  \\$aStDuBDS$beng$cStDuBDS$dUk$erda
=042  \\$aukblsr
=082  00$a526$223
=245  04$aThe Routledge handbook of mapping and cartography /$cedited by Alexander J. Kent, Peter Vujakovic.
=246  30$aHandbook of mapping and cartography
=246  30$aMapping and cartography
=264  \1$aLondon :$bRoutledge,$c2018.
=300  \\$axxiii, 593 pages :$billustrations (black and white) ;$c25 cm.
=336  \\$atext$2rdacontent
=336  \\$astill image$2rdacontent
=337  \\$aunmediated$2rdamedia
=338  \\$avolume$2rdacarrier
=500  \\$aFormerly CIP.$5Uk
=504  \\$aIncludes bibliographical references and index.
=650  \0$aCartography$vHandbooks, manuals, etc.
=700  1\$aKent, Alexander,$eeditor.
=700  1\$aVujakovic, Peter,$eeditor.
=710  2\$aRoutledge (Firm)
=776  08$iebook version :$z9781317568216
=852  41$aBritish Library$bHMNTS$kMaps Ref$hDesk
=BUF  \\$aN$d20181120
=CAT  \\$aBATCH-CIPN$b00$c20170214$lBLL01$h1700
=CAT  \\$a11131$b40$c20181120$lBLL01$h1239
=CAT  \\$aBATCH-BUOC$b00$c20200123$lBLL01$h2118
=FIN  \\$aY$d20181120
=LAS  \\$aBATCH-BUOC$b00$c20200123$lBLL01$h2118

