=LDR  01921 am a2200529 i 4500
=001  018301154
=003  Uk
=005  20170413145651.0
=008  010612s1994\\\\cc\a\\\\\\\\\u000\0\chi\c
=FMT  \\$a  BK
=020  \\$a9624490805
=020  \\$a9789624490800
=035  \\$a(OCoLC)224457488
=040  \\$aAU@$beng$cAU@$dOCLCQ$dOCLCF$dOCLCO$dOCLCQ$dUk$erda
=042  \\$aukblderived
=043  \\$aa-cc---
=082  04$a951
=100  1\$6880-01$aYu, Ren.
=245  10$6880-02$aZhonghua wen hua wu qian nian.$p3, Wei Jin Nanbei zhao shi qi /$cYuren bian zhu ; Huang Dongtao zhu bian.
=246  3\$6880-03$aWei Jin Nanbei zhao shi qi
=264  \1$6880-04$aXianggang :$bHuo yi chu ban shi ye = Holdery,$c1994.
=300  \\$a167 pages :$billustrations ;$c21 cm.
=336  \\$atext$btxt$2rdacontent
=337  \\$aunmediated$bn$2rdamedia
=338  \\$avolume$bnc$2rdacarrier
=500  \\$aTitle translated as: Wei, Jin and Nanbei dynasties.
=546  \\$aText in Chinese.
=651  \0$aChina$xCivilization.
=651  \0$aChina$xSocial life and customs.
=651  \0$aChina$xHistory.
=650  \7$aCivilization.$2fast$0(OCoLC)fst00862898
=650  \7$aManners and customs.$2fast$0(OCoLC)fst01007815
=651  \7$aChina.$2fast$0(OCoLC)fst01206073
=655  \7$aHistory.$2fast$0(OCoLC)fst01411628
=700  1\$6880-05$aHuang, Dongtao.
=880  1\$6100-01
=880  10$6245-02$a中華文化五千年.$p3, 魏晉南北朝時期 /$a羽人編著 ; 黃東濤主編.
=880  3\$6246-03$a魏晉南北朝時期
=880  \1$6264-04$a香港 :$b獲益出版事業 = Holdiery,$c1994.
=880  1\$6700-05$a黃東濤.
=852  41$aBritish Library$bOC$lCHI.1994.a.396/3
=CAT  \\$a14716$b40$c20170413$lBLL01$h1441
=CAT  \\$a14716$b40$c20170413$lBLL01$h1455
=CAT  \\$a14716$b40$c20170413$lBLL01$h1456
=FIN  \\$aY$d20170106
=SID  \\$aZ39$bOCLC
=LAS  \\$a14716$b40$c20170413$lBLL01$h1456

