=LDR  01079 am a22003138i 4500
=001  018313213
=003  Uk
=005  20170802202100.0
=008  170418s2017\\\\nju\\\\\\\\\\\000|0|eng|d
=FMT  \\$a  BK
=015  \\$aGBB771826$2bnb
=016  7\$a018313213$2Uk
=020  \\$a9781569025581 (pbk.) :$c£35.99
=040  \\$aStDuBDS$beng$cStDuBDS$erda
=082  04$a338.9600285$223
=245  00$aAfrican economic transformation in the digital age /$cedited by Mammo Muchie.
=263  \\$a201704
=264  \1$aTrenton :$bAfrica World Press,$c2017.
=300  \\$a1 volume$ccm
=336  \\$atext$2rdacontent
=337  \\$aunmediated$2rdamedia
=338  \\$avolume$2rdacarrier
=650  \0$aInformation technology$xEconomic aspects$zAfrica.
=650  \0$aDigital communications$xEconomic aspects$zAfrica.
=650  \0$aEconomic development$xEffect of technological innovations on$zAfrica.
=852  \\$aBritish Library$bDSC$im17/11862
=CAT  \\$aBATCH-CIPN$b00$c20170425$lBLL01$h1700
=CAT  \\$aCOUTTS-2$b00$c20170802$lBLL01$h2021
=LAS  \\$aCOUTTS-2$b00$c20170802$lBLL01$h2021

