=LDR  01501pam a2200433 i 4500
=001  018332327
=003  Uk
=005  20181115112706.0
=008  170303s2017\\\\xxkab\\\\\\\\|0|1\0|eng\\
=FMT  \\$a  BK
=015  \\$aGBB777301$2bnb
=016  7\$a018332327$2Uk
=020  \\$a9781786716224$qpaperback :$c£6.99
=040  \\$aStDuBDS$beng$cStDuBDS$dUk$erda
=042  \\$aukblsr
=082  04$a915.49804$223
=100  1\$aHando, Solange,$eauthor.
=245  10$aBhutan :$bpocket guide /$ceditor, Sarah Clarke ; author, Solange Hando.
=250  \\$aFirst edition.
=264  \1$a[United Kingdom] :$bAPA Publications,$c2017.
=300  \\$a144 pages :$billustrations (black and white, and colour), maps (colour) ;$c15 cm +$e1 foldout map.
=336  \\$atext$2rdacontent
=336  \\$astill image$2rdacontent
=337  \\$aunmediated$2rdamedia
=338  \\$avolume$2rdacarrier
=490  0\$aInsight guides
=500  \\$a1 foldout map in pocket attached to inside back cover.
=500  \\$aIncludes index.
=530  \\$aAlso published electronically.
=500  \\$aFormerly CIP.$5Uk
=651  \0$aBhutan$vGuidebooks.
=700  1\$aClark, Sarah$c(Travel guide editor),$eeditor.
=852  11$aBritish Library$bHMNTS$kYK.2018.a.4861
=CAT  \\$aBATCH-CIPN$b00$c20170502$lBLL01$h1744
=CAT  \\$a6923$b40$c20170922$lBLL01$h1203
=CAT  \\$a9666$b40$c20180822$lBLL01$h1124
=CAT  \\$a9666$b40$c20181115$lBLL01$h1127
=FIN  \\$aY$d20180822
=LAS  \\$a9666$b40$c20181115$lBLL01$h1127

