=LDR  00928 cm a22002653i 4500
=001  018349143
=003  Uk
=005  20170522095852.0
=008  170519t20162014xxu\\c\\\\\\\\\\\\\\\\\\d
=FMT  \\$a  MU
=028  30$aSRO 100120$bSt Rose Music Publishing
=035  \\$a(GyWOH)har165008372
=040  \\$aGyWOH$beng$cGyWOH
=100  1\$aMuhly, Nico,$ecomposer.
=245  10$aViola concerto$bfor viola and piano /$cNico Muhly.
=260  \\$aNew York :$bSt Rose Music Publishing ;$aLondon :$bChester Music,$c2016, c2014.
=300  \\$a1 piano reduction (50 pages) + 1 solo part (14 pages) ;$c31 cm.
=500  \\$aFor viola and orchestra.
=500  \\$aDuration: c. 24:00.
=500  \\$aComposer's note in English.
=852  41$aBritish Library$bDSC$cMUSIC
=CAT  \\$aBATCH-HARR$b00$c20170522$lBLL01$h0958
=CAT  \\$a11814$b40$c20190703$lBLL01$h1622
=SRC  \\$aHarrassowitz - Supplier
=LAS  \\$a11814$b40$c20190703$lBLL01$h1622

