=LDR  01360cam a2200397 i 4500
=001  018357083
=003  Uk
=005  20170628174636.0
=008  161024s2017\\\\gw\a\\\\\b\\\\001\0\eng\\
=FMT  \\$a  BK
=010  \\$a  2016048964
=020  \\$a9783110487572$qhardback
=040  \\$aDLC$beng$cDLC$dUk$erda
=042  \\$aukblsr
=050  00$aQA76.9.A25$bS82 2017
=082  00$a005.82$223
=100  1\$aSu, Qingtang,$eauthor.
=245  10$aColor image watermarking :$balgorithms and technologies /$cby Qingtang Su.
=264  \1$aBerlin :$bDe Gruyter,$c[2017]
=300  \\$axii, 185 pages :$billustrations (black and white, and colour) ;$c25 cm.
=336  \\$atext$btxt$2rdacontent
=336  \\$astill image$bsti$2rdacontent
=337  \\$aunmediated$bn$2rdamedia
=338  \\$avolume$bnc$2rdacarrier
=490  0\$aAdvances in computer science,$x2509-7253 ;$vVolume 1
=504  \\$aIncludes bibliographical references and index.
=650  \0$aDigital images$xWatermarking.
=650  \0$aData encryption (Computer science)
=852  11$aBritish Library$bSTI$k005.82
=CAT  \\$a11253$b40$c20170531$lBLL01$h1127
=CAT  \\$a7143$b40$c20170628$lBLL01$h1731
=CAT  \\$a7143$b40$c20170628$lBLL01$h1746
=CAT  \\$aW2308-1659$c20230923$lBLL01$h1016
=FIN  \\$aY$d20170628
=SRC  \\$aBLL02
=LAS  \\$aW2308-1659$b00$c20230923$lBLL01$h1016

