=LDR  01742cas a2200493 i 4500
=001  018374517
=003  Uk
=005  20231012101545.0
=007  ta
=008  170612d20162021enk\x\p\\\\\\\0\\\a0eng\\
=FMT  \\$a  SE
=015  \\$aGBB795065$2bnb
=040  \\$aUk$beng$cUk$erda
=042  \\$aukblsr
=082  04$a796.33409422792$223
=110  2\$aPortsmouth Football Club,$eauthor.
=240  10$aPompey (2016)
=245  10$aPompey.
=250  \\$a[Men's team edition].
=264  \1$a[Portsmouth] :$b[publisher not identified],$c2016-
=264  \3$a(Portsmouth :$bBishops Printers)
=300  \\$billustrations (black and white, and colour) ;$c24 cm
=310  \\$aIrregular
=336  \\$atext$2rdacontent
=337  \\$aunmediated$2rdamedia
=338  \\$avolume$2rdacarrier
=362  0\$aIssue 1 (06.08.16)-
=362  1\$aCeased in 2021.
=588  \\$aLatest issue consulted: issue 23 (May 09, 2021).
=610  20$aPortsmouth Football Club$vPeriodicals.
=650  \0$aSoccer$vPeriodicals.
=780  00$aPortsmouth Football Club.$tPortsmouth Football Club
=787  0\$aPortsmouth Football Club Women.$tPompey
=785  00$aPortsmouth Football Club.$tInside today
=852  41$aBritish Library$bHMNTS$kZK.9.a.14284$323rd Jul. (2016)-issue 23 (May 09:2021)
=CAT  \\$a10973$b40$c20170612$lBLL01$h0951
=CAT  \\$aBATCH-UPD$b40$c20190515$lBLL01$h0930
=CAT  \\$a8323$b40$c20201210$lBLL01$h1002
=CAT  \\$a11315$b40$c20211110$lBLL01$h1429
=CAT  \\$a11315$b40$c20211110$lBLL01$h1440
=CAT  \\$a8124$b40$c20231012$lBLL01$h1015
=FIN  \\$aY$d20170612
=LKR  \\$aPAR$b016888138$lBLL01$r78000$mPompey$nPortsmouth Football Club : official matchday magazine
=LAS  \\$a8124$b40$c20231012$lBLL01$h1015

