=LDR  01361cas a2200409 i 4500
=001  018426417
=003  Uk
=005  20170725141016.0
=007  ta
=008  170714c20uu9999dcuar\\\\\\\\\0\\\a0eng\\
=FMT  \\$a  SE
=040  \\$aUk$beng$cUk$erda
=042  \\$aukblsr
=082  04$a631.52$223
=110  2\$aHarvestPlus (Program),$eauthor.
=245  14$a... Annual report /$cHarvestPlus.
=246  13$aHarvestPlus annual report
=264  \1$a[Washington] :$b[IFPRI]
=300  \\$billustrations (black and white, and colour), maps (colour) ;$c28 cm
=310  \\$aAnnual
=336  \\$atext$2rdacontent
=337  \\$aunmediated$2rdamedia
=338  \\$avolume$2rdacarrier
=500  \\$a"Better crops - better nutrition."
=500  \\$aEach issue carries also an individual title.
=588  \\$aDescription based on: 2015 issue.
=610  20$aHarvestPlus (Program)$vPeriodicals.
=610  20$aHarvestPlus (Program)$xFinance$vPeriodicals.
=650  \0$aFood crops$xBreeding$vPeriodicals.
=650  \0$aEnriched foods$vPeriodicals.
=650  \0$aTrace elements in nutrition$vPeriodicals.
=650  \0$aMalnutrition$xPrevention$vPeriodicals.
=852  41$aBritish Library$bSTI$kBIS$32015
=CAT  \\$a11205$b40$c20170714$lBLL01$h1446
=CAT  \\$a8871$b40$c20170725$lBLL01$h1410
=FIN  \\$aY$d20170714
=LAS  \\$a8871$b40$c20170725$lBLL01$h1410

