=LDR  01504cam a22003737a 4500
=001  015102356
=003  Uk
=005  20090331145656.0
=008  080729s2008\\\\ne\a\\\\\b\\\\000\0\eng\d
=FMT  \\$a  BK
=035  \\$a(OCoLC)236465920
=040  \\$aNLGGC$bdut$cNLGGC$dUk$efobidrtb
=100  1\$aPetreczky, M.
=245  10$aRealization theory for linear hybrid systems /$cM. Petreczky, J.H. van Schuppen.
=260  \\$aAmsterdam :$bCentrum voor Wiskunde en Informatica,$c2008.
=300  \\$a2 v. :$bill. ;$c29 cm.
=336  \\$atext$2rdacontent
=337  \\$aunmediated$2rdamedia
=338  \\$avolume$2rdacarrier
=490  1\$aReport =$aRapport. MAS, Modelling, analysis and simulation,$x1386-3703 ;$vR0802-R0803
=504  \\$aIncludes bibliographical references.
=505  0\$apt. 1. Existence of realization -- pt. 2. Reachability, observability and minimality.
=700  1\$aSchuppen, J. H. van.
=710  2\$aCentrum voor Wiskunde en Informatica (Amsterdam, Netherlands)
=830  \0$aReport (Centrum voor Wiskunde en Informatica (Amsterdam, Netherlands)).$pMAS, Modelling, analysis and simulation ;$vR0802-R0803.
=852  41$aBritish Library$bDSC$ipt. 1
=852  41$aBritish Library$bDSC$ipt. 2
=CAT  \\$a6098$b40$c20090331$lBLL01$h1046
=CAT  \\$a11250$b40$c20090331$lBLL01$h1456
=CAT  \\$aW2308-1659$c20230923$lBLL01$h1017
=CAT  \\$aBATCH-UPD$b00$c20230925$lBLL01$h0330
=FIN  \\$aY$d20090331
=SID  \\$aZ39$bOCLC
=LAS  \\$aBATCH-UPD$b00$c20230925$lBLL01$h0330

