=LDR  01823cam a2200469 a 4500
=001  015121126
=003  Uk
=005  20090507115829.0
=008  080309s2008\\\\miua\\\\\b\\\\001\0\eng\c
=FMT  \\$a  BK
=035  \\$a(OCoLC)213220578
=040  \\$aCAW$beng$cCAW$dCAW$dWAU$dYDXCP$dUBY$dIAY$dCUY$dPAY$dUk
=042  \\$aukblsr
=043  \\$an------
=050  \0$aQL1$b.M63 no. 199
=082  04$a595.42$222
=100  1\$aKlimov, Pavel B.
=245  10$aMorphology, evolution and host associations of bee-associated mites of the family Chaetodactylidae (Acari: Astigmata) :$bwith a monographic revision of North American taxa /$cby Pavel B. Klimov and Barry M. OConnor.
=246  18$aBee-associated mites
=260  \\$aAnn Arbor :$bUniversity of Michigan, Museum of Zoology,$c2008.
=300  \\$avi, 243 p. :$bill. (some col.) ;$c28 cm.
=336  \\$atext$2rdacontent
=337  \\$aunmediated$2rdamedia
=338  \\$avolume$2rdacarrier
=490  1\$aMiscellaneous publications,$x0076-8405 ;$vno. 199
=504  \\$aIncludes bibliographical references and index.
=650  \0$aChaetodactylidae$xMorphology.
=650  \0$aChaetodactylidae$xPhylogeny.
=650  \0$aBees$xParasites.
=650  \0$aHost-parasite relationships.
=650  \0$aChaetodactylidae$zNorth America$vClassification.
=700  1\$aOConnor, B. M.
=710  2\$aUniversity of Michigan.$bMuseum of Zoology.
=830  \0$aMiscellaneous publications (University of Michigan. Museum of Zoology) ;$vno. 199.
=852  71$aBritish Library$bSTI$2blsrissc
=CAT  \\$a6098$b40$c20090428$lBLL01$h1306
=CAT  \\$a6989$b40$c20090507$lBLL01$h1120
=CAT  \\$a6989$b40$c20090507$lBLL01$h1158
=CAT  \\$aW2308-1659$c20230923$lBLL01$h1018
=FIN  \\$aY$d20090507
=SID  \\$aZ39$bOCLC
=LAS  \\$aW2308-1659$b00$c20230923$lBLL01$h1018

