=LDR  00747cam a22002537a 4500
=001  015272549
=003  Uk
=005  20090603160025.0
=008  090603s1932\\\\ii\\\\\\\\\\\\000\0\eng\\
=FMT  \\$a  BK
=040  \\$aUk$beng$cUk
=100  1\$aVenkateswaran, N. K.
=245  10$aGautama Buddha /$cby N.K. Venkateswaran.
=260  \\$aMadras :$bEducational Publishing Co.,$c1932.
=300  \\$aiv, 74 p. ;$c18 cm.
=336  \\$atext$2rdacontent
=337  \\$aunmediated$2rdamedia
=338  \\$avolume$2rdacarrier
=600  00$aGautama Buddha.
=852  41$aBritish Library$bOC$iP/T 691
=CAT  \\$a2407$b40$c20090603$lBLL01$h1600
=CAT  \\$aW2308-1659$c20230923$lBLL01$h1020
=FIN  \\$aY$d20090603
=LAS  \\$aW2308-1659$b00$c20230923$lBLL01$h1020

