=LDR  01656pam a2200481 i 4500
=001  016424402
=003  Uk
=005  20140305140424.0
=008  130529s2013\\\\ne\a\\\\\b\\\\001\0\eng\d
=FMT  \\$a  BK
=015  \\$aGBB352961$2bnb
=016  7\$a016424402$2Uk
=020  \\$a9780124076839 (hbk.) :$c£105.99
=035  \\$a(UkOxU)019622647
=035  \\$a(Uk)016424402
=035  \\$a(StEdALDL)1/3050301
=040  \\$aStDuBDS$beng$cStDuBDS$dUkOxU$dUk$erda
=042  \\$aukscp
=082  04$a620.11892$223
=100  1\$aKushch, Volodymyr I.,$eauthor.
=245  10$aMicromechanics of composites :$bmultipole expansion approach /$cVolodymyr I. Kushch.
=264  \1$aAmsterdam :$bButterworth-Heinemann,$c2013.
=264  \4$c©2013
=300  \\$axvi, 489 pages :$billustrations ;$c24 cm
=336  \\$atext$2rdacontent
=336  \\$astill image$2rdacontent
=337  \\$aunmediated$2rdamedia
=338  \\$avolume$2rdacarrier
=504  \\$aIncludes bibliographical references (pages 471-483) and index.
=500  \\$aFormerly CIP.$5Uk
=650  \0$aComposite materials$xMechanical properties.
=650  \0$aMicromechanics.
=852  11$aBritish Library$bSTI$k620.11892
=985  \\$aLDL record matched & merged
=CAT  \\$aBATCH-CIPN$b00$c20130604$lBLL01$h1700
=CAT  \\$aBATCH-LDLE$b00$c20140127$lBLL01$h2126
=CAT  \\$aBATCH-LDLL$b00$c20140127$lBLL01$h2126
=CAT  \\$aBATCH-LDL4$b00$c20140127$lBLL01$h2127
=CAT  \\$a10904$b40$c20140305$lBLL01$h1404
=CAT  \\$aBATCH-UPD$b40$c20151202$lBLL01$h0641
=CAT  \\$aWR16_021$c20160708$lBLL01$h1820
=FIN  \\$aY$d20140305
=LAS  \\$aWR16_021$b00$c20160708$lBLL01$h1820

