=LDR  01490 am a2200421 i 4500
=001  016426965
=003  Uk
=005  20130614112121.0
=008  130502s2013\\\\enk\\\\\\\\\\|0|0\0|eng\d
=FMT  \\$a  BK
=015  \\$aGBB354466$2bnb
=016  7\$a016426965$2Uk
=020  \\$a9781845083625 (spiral)
=020  \\$a1845083628 (spiral)
=040  \\$aUK-WkNB$beng$cUK-WkNB$dUk$erda
=042  \\$aukblsr
=082  04$a657.835$223
=245  00$aCode of practice on local authority accounting in the United Kingdom 2013/14 /$cedited by Sarah Williams.
=264  \1$aLondon :$bCIPFA,$c[2013]
=300  \\$axii, 280 pages ;$c30 cm
=336  \\$atext$2rdacontent
=337  \\$aunmediated$2rdamedia
=338  \\$avolume$2rdacarrier
=650  \0$aLocal finance$zGreat Britain$xAccounting$xStandards.
=690  7\$aManagement and Business Studies$2blcoll
=700  1\$aWilliams, Sarah,$d1964-$eeditor.
=710  2\$aChartered Institute of Public Finance and Accountancy,$epublisher.
=710  2\$aLocal Authority (Scotland) Accounts Advisory Committee.
=852  11$aBritish Library$bSTI$cBIPC
=CAT  \\$aBATCH-CMLD$b00$c20130608$lBLL01$h1719
=CAT  \\$a9592$b40$c20130612$lBLL01$h1040
=CAT  \\$a11014$b40$c20130614$lBLL01$h1121
=CAT  \\$a7416$b40$c20150413$lBLL01$h1116
=CAT  \\$aWR16_021$c20160708$lBLL01$h1820
=CAT  \\$aBATCH-MBS$c20160715$lBLL01$h2100
=FIN  \\$aY$d20130614
=SRC  \\$aNielsen Bookdata
=LAS  \\$aBATCH-MBS$b00$c20160715$lBLL01$h2100

