=LDR  01217 as a2200373 i 4500
=001  016452459
=003  Uk
=005  20171101143710.0
=007  ta
=008  130715c200u9999enkuu\p\\\\\\\0\\\a0eng\\
=FMT  \\$a  SE
=040  \\$aUk$beng$cUk$erda
=042  \\$aukblsr
=082  04$a338.7629252$223
=110  2\$aTorotrak plc.
=245  10$a[Annual reports, financial reports, etc.] /$cTorotrak plc.
=264  \1$aLeyland :$bTorotrak plc
=300  \\$billustrations (colour) :$c30 cm
=336  \\$atext$2rdacontent
=337  \\$aunmediated$2rdamedia
=338  \\$avolume$2rdacarrier
=588  \\$aLatest issue consulted: annual report 2013.
=650  \0$aCorporation reports$zGreat Britain$vPeriodicals.
=610  20$aTorotrak plc$vPeriodicals.
=690  7\$aManagement and Business Studies$2blcoll
=852  41$aBritish Library$bSTI$cBIPC$kBIS$32007-2017
=985  \\$aCompany financial reports record.
=CAT  \\$a5997$b40$c20130715$lBLL01$h1420
=CAT  \\$a8962$b40$c20130725$lBLL01$h1353
=CAT  \\$a8871$b40$c20130726$lBLL01$h1148
=CAT  \\$aBATCH-MBS$c20161028$lBLL01$h2114
=CAT  \\$a8871$b40$c20171101$lBLL01$h1437
=FIN  \\$aY$d20130715
=LAS  \\$a8871$b40$c20171101$lBLL01$h1437

