=LDR  01281pam a2200361 i 4500
=001  016473132
=003  Uk
=005  20150217100243.0
=008  130702s2014\\\\paua\\\\\b\\\\001\0\eng|d
=FMT  \\$a  BK
=015  \\$aGBB372147$2bnb
=016  7\$a016473132$2Uk
=020  \\$a9781605950389 (hardback) :$c£138.00
=040  \\$aStDuBDS$beng$cStDuBDS$dUk$erda
=042  \\$aukblcatcopy
=082  04$a664.06$223
=245  00$aFunctionalizing carbohydrates for food applications :$btexturizing and bioactive/flavor delivery systems /$cedited by Milda E. Embuscado.
=264  \1$aLancaster, Pennsylvania :$bDEStech Publications, Inc.,$c[2014]
=300  \\$axiv, 477 pages :$billustrations ;$c24 cm
=336  \\$atext$2rdacontent
=336  \\$astill image$2rdacontent
=337  \\$aunmediated$2rdamedia
=338  \\$avolume$2rdacarrier
=504  \\$aIncludes bibliographical references and index.
=500  \\$aFormerly CIP.$5Uk
=650  \0$aCarbohydrates.
=700  1\$aEmbuscado, Milda E.,$eeditor of compilation.
=852  11$aBritish Library$bSTI$k664.06
=CAT  \\$aBATCH-CIPN$b00$c20130813$lBLL01$h1701
=CAT  \\$a6923$b40$c20150217$lBLL01$h1002
=CAT  \\$aWR16_021$c20160709$lBLL01$h1808
=FIN  \\$aY$d20150217
=LAS  \\$aWR16_021$b00$c20160709$lBLL01$h1808

