=LDR  02020 am a22004217i 4500
=001  016474433
=003  Uk
=005  20131121081116.0
=008  130814s1825\\\\fr\a\\\\\\\\\\000\0\fre\\
=FMT  \\$a  BK
=040  \\$aUk$beng$cUk$erda
=245  00$aSoixante vues des plus beaux palais, monuments et églises de Paris, cathédrales et châteaux de France,$cgravées par Couche fils, et dessinées sous sa direction. Avec leurs explications tirées des meilleurs auteurs. Par M. Lagier de Vaugelas
=264  \1$aA Paris. :$bpubliées par Viquin, marchand d'estampes et de cartes géographiques, grande cour du Palais Royal, no. 20.,$c[1825?]
=264  \3$a[Paris] :$bde l'imprimerie de P. didot l'aîné, chevalier de l'Ordre royal de Saint-Michel, imprimeur du Roi
=300  \\$an. pages [126] pages, [2], 60 leaves of plates :$billustrations, map ;$c20 cm. (8º)
=336  \\$atext$2rdacontent
=337  \\$aunmediated$2rdamedia
=338  \\$avolume$2rdacarrier
=340  \\$m8vo$2rdabf
=500  \\$a60 numbered leaves of illustrations with descriptive text on unnumbered facing pages
=500  \\$aWith added, engraved title-page
=500  \\$aHalf title-page preceded by an engraved map of Paris
=700  1\$aLagier de Vaugelas, Étienne-André,$econtributor.
=700  1\$aCouché, François-Louis,$d1782-1849.
=852  41$aBritish Library$bHMNTS$lRB.23.a.2047
=985  \\$aCorrected by MS generated file for WR# 1805-0738
=CAT  \\$a4278$b40$c20130814$lBLL01$h1648
=CAT  \\$a4278$b40$c20130814$lBLL01$h1649
=CAT  \\$a4278$b40$c20130814$lBLL01$h1651
=CAT  \\$a4278$b40$c20130814$lBLL01$h1704
=CAT  \\$a5100$b40$c20131121$lBLL01$h0811
=CAT  \\$aBATCH-UPD$b40$c20131121$lBLL01$h0811
=CAT  \\$aBATCH-UPD$b40$c20131124$lBLL01$h2137
=CAT  \\$aBATCH-UPD$b40$c20151202$lBLL01$h0658
=CAT  \\$a1805-0738$c20181228$lBLL01$h1833
=CAT  \\$a1805-0738$b00$c20181228$lBLL01$h1918
=FIN  \\$aY$d20130814
=LAS  \\$a1805-0738$b00$c20181228$lBLL01$h1918

