=LDR  01366 am a2200421 i 4500
=001  016491262
=003  Uk
=005  20130912102735.0
=008  130905s2013\\\\ne\a\\\\\b\\\\0|1\0|eng\\
=FMT  \\$a  BK
=010  \\$a2013930139
=015  \\$aGBB383786$2bnb
=016  7\$a016491262$2Uk
=020  \\$a9789400762589 (hardback)
=020  \\$z9789400762596 (eBook)
=040  \\$aUk$beng$cUk$erda
=042  \\$aukblsr
=082  04$a573.86$223
=100  1\$aRoth, Gerhard,$d1942 August 15-$eauthor.
=245  14$aThe long evolution of brains and minds /$cGerhard Roth.
=264  \1$aDordrecht :$bSpringer,$c[2013]
=300  \\$axvii, 320 pages :$billustrations (black and white, and colour) ;$c25 cm
=336  \\$atext$2rdacontent
=337  \\$aunmediated$2rdamedia
=338  \\$avolume$2rdacarrier
=504  \\$aIncludes bibliographical references and index.
=530  \\$aAlso available electronically.
=650  \0$aBrain$xEvolution.
=650  \0$aNervous system$xEvolution.
=650  \0$aDevelopmental neurobiology.
=650  \0$aEvolution (Biology)$xPhilosophy.
=650  \0$aMind and body.
=852  11$aBritish Library$bSTI$k573.86
=CAT  \\$a11029$b40$c20130905$lBLL01$h1024
=CAT  \\$a9671$b40$c20130912$lBLL01$h1027
=CAT  \\$aWR16_021$c20160709$lBLL01$h1811
=FIN  \\$aY$d20130912
=LAS  \\$aWR16_021$b00$c20160709$lBLL01$h1811

