=LDR  02335 as a2200469 i 4500
=001  016496768
=003  Uk
=005  20170727124837.0
=007  ta
=008  130912c20109999enkar\p\\\\\\\0\\\a0eng\\
=FMT  \\$a  SE
=040  \\$aUk$beng$cUk$dUk$erda
=042  \\$aukblsr
=082  04$a338.473636109422$223
=110  2\$aThames Water (Firm),$eauthor.
=245  10$aAnnual performance report /$cThames Water.
=264  \1$a[Reading] :$bThames Water,$c[2011]-
=336  \\$atext$2rdacontent
=337  \\$aunmediated$2rdamedia
=338  \\$avolume$2rdacarrier
=362  1\$aBegan with 2010/2011 issue.
=588  \\$aDescription based on: 2011/2012 issue.
=610  20$aThames Water (Firm)$vPeriodicals.
=690  7\$aManagement and Business Studies$2blcoll
=650  \0$aWater utilities$zEngland$zLondon$vPeriodicals.
=650  \0$aBusiness planning$zGreat Britain$vPeriodicals.
=780  01$aThames Water Authority.$tCorporate responsibility summary report
=852  71$aBritish Library$bSTI$cBIPC$kTrade Literature$32011/2012-2015/2016
=985  \\$aFrom 2016, all company, financial and operating reports for Thames Water/Thames Water Utilities are accessioned at: Thames Water (Firm). [Annual report, financial reports, etc]
=985  \\$aFrom PDF version of the 2010/2011 issue: "Until now we have published an annual corporate responsibility report as well as a more formal 'June Return' report to our economic regulator, Ofwat. This year, for the first time, we are combining both of these reports into one" -- Chief Executive's foreword. (The full corporate responsibility report was only available in electronic format for 2008/09 and 2009/10 issues but not available in BL collections).
=CAT  \\$a5997$b40$c20130912$lBLL01$h1405
=CAT  \\$a11316$b40$c20140512$lBLL01$h1545
=CAT  \\$a11316$b40$c20140512$lBLL01$h1546
=CAT  \\$a11316$b40$c20140512$lBLL01$h1556
=CAT  \\$aBATCH-UPD$b40$c20151018$lBLL01$h1224
=CAT  \\$aBATCH-MBS$c20161028$lBLL01$h2114
=CAT  \\$a8124$b40$c20170727$lBLL01$h1225
=CAT  \\$a8124$b40$c20170727$lBLL01$h1240
=CAT  \\$a8124$b40$c20170727$lBLL01$h1248
=FIN  \\$aY$d20130912
=LKR  \\$aPAR$b015477983$lBLL01$r78001$mAnnual performance report$nCorporate responsibility summary report
=LAS  \\$a8124$b40$c20170727$lBLL01$h1248

