=LDR  01616pam a2200469 i 4500
=001  016504034
=003  Uk
=005  20150323115125.0
=008  130904s2015\\\\caua\\\\\b\\\\000\0\eng\d
=FMT  \\$a  BK
=015  \\$aGBB387638$2bnb
=016  7\$a016504034$2Uk
=020  \\$a9781452217451 (pbk.) :$c£38.99
=020  \\$z9781483310992 (ebook) :$c£38.99
=040  \\$aStDuBDS$beng$cStDuBDS$dUk$erda
=042  \\$aukblcatcopy
=082  04$a300.72$223
=100  1\$aSchwandt, Thomas A.,$eauthor.
=245  14$aThe SAGE dictionary of qualitative inquiry /$cThomas A. Schwandt.
=246  30$aDictionary of qualitative inquiry
=250  \\$a4th edition.
=264  \1$aLos Angeles :$bSAGE,$c[2015]
=300  \\$axxxi, 332 pages :$billustrations ;$c23 cm
=336  \\$atext$2rdacontent
=337  \\$aunmediated$2rdamedia
=338  \\$avolume$2rdacarrier
=530  \\$aAlso issued online.
=504  \\$aIncludes bibliographical references.
=500  \\$aFormerly CIP.$5Uk
=650  \0$aSocial sciences$xResearch$vDictionaries.
=650  \0$aSocial sciences$xMethodology$vDictionaries.
=650  \0$aQualitative research$vDictionaries.
=776  08$iebook version:$z9781483310992
=852  41$aBritish Library$bHMNTS$kOPL$h300.72
=CAT  \\$aBATCH-CIPN$b00$c20130924$lBLL01$h1701
=CAT  \\$aBATCH-CIPC$b00$c20150106$lBLL01$h1703
=CAT  \\$a11373$b40$c20150320$lBLL01$h1419
=CAT  \\$a6632$b40$c20150323$lBLL01$h1151
=CAT  \\$aWR16_021$c20160709$lBLL01$h1814
=CAT  \\$aW1611-0866$c20161123$lBLL01$h1742
=FIN  \\$aY$d20150323
=LAS  \\$aW1611-0866$b00$c20161123$lBLL01$h1742

