=LDR  01908cem a2200541 i 4500
=001  016506101
=003  Uk
=005  20230223161815.0
=007  aj\aanzn
=008  960814s1994\\\\enk\\\\\\\a\\\\\0\\\eng\\
=FMT  \\$a  MP
=020  \\$a0900609990
=034  1\$aa$b550000$dW0093300$eW0061100$fN0420900$gN0365200$2bound
=035  \\$a(DLC) 96685069
=040  \\$aUk$beng$cUk$dUk$erda
=041  0\$aeng$apor
=042  \\$aukblderived
=050  00$aG6691.P3 1994$b.C3
=052  \\$a6691
=082  04$a912.469$223
=110  2\$aQuail Map Company.
=245  10$aPortugal railway map =$bPortugal, mapa de caminho do ferro /$cCaminhos de Ferro Portugueses.
=246  31$aPortugal, mapa de caminho do ferro
=255  \\$aScale approximately 1:550 000$c(W 9°33'00"--W 6°11'00"/N 42°09'00"--N 36°52'00").
=260  \\$aExeter, UK :$bQuail Map Company,$c1994-
=300  \\$a1 map :$bboth sides ;$c106 x 42 cm, on sheet 60 x 43 cm, folded to 12 x 22 cm
=336  \\$acartographic image$2rdacontent
=337  \\$aunmediated$2rdamedia
=338  \\$asheet$2rdacarrier
=500  \\$aPanel title.
=500  \\$aIncludes later editions.$5Uk
=650  \0$aRailroads$zPortugal$xMaps.
=651  \0$aPortugal$vMaps.
=655  \7$aMaps.$2fast$0(OCoLC)fst01423704
=710  2\$aCaminhos de Ferro Portugueses.
=852  41$aBritish Library$bMAPS$mMaps X.9411.
=985  \\$aUpdated by MS generated file for WR2302-017
=CAT  \\$a7889$b40$c20130928$lBLL01$h1506
=CAT  \\$a7889$b40$c20130928$lBLL01$h1507
=CAT  \\$a9749$b40$c20130930$lBLL01$h1751
=CAT  \\$a7889$b40$c20131001$lBLL01$h1352
=CAT  \\$a01973$b40$c20131004$lBLL01$h1054
=CAT  \\$a01973$b40$c20131004$lBLL01$h1055
=CAT  \\$aWR15_030$c20150416$lBLL01$h1816
=CAT  \\$aW2302-0174$c20230223$lBLL01$h2000
=FIN  \\$aY$d20130928
=SID  \\$aZ39$bLOC
=LAS  \\$aW2302-0174$b00$c20230223$lBLL01$h2000

