=LDR  02157 as a2200505 i 4500
=001  016506508
=003  Uk
=005  20130930103704.0
=007  ta
=008  130930c20109999enkar\p\\\\\\\0\\\a0eng\\
=FMT  \\$a  SE
=015  \\$aGBB388780$2bnb
=040  \\$aUk$beng$cUk$erda
=042  \\$aukblsr
=082  04$a658.408$223
=245  00$aUK environment and social responsibility report /$cTotal.
=246  3\$aUnited Kingdom environment and social responsibility report
=246  17$aTotal in the UK :$benvironment and social responsibility report
=264  \1$aLondon :$bTotal Holdings UK Limited,$c2010-
=300  \\$billustrations (colour), maps (colour) ;$c28 cm
=310  \\$aAnnual
=336  \\$atext$2rdacontent
=337  \\$aunmediated$2rdamedia
=338  \\$avolume$2rdacarrier
=362  0\$a2010-
=500  \\$aIssues have also individual titles.
=588  \\$aLatest issue consulted: 2012.
=610  20$aTotal Holdings UK$vPeriodicals.
=650  \0$aEnvironmental responsibility$zGreat Britain$vPeriodicals.
=650  \0$aSocial responsibility of business$zGreat Britain$vPeriodicals.
=650  \0$aPetroleum industry and trade$xEnvironmental aspects$zGreat Britain$vPeriodicals.
=650  \0$aGas industry$xEnvironmental aspects$zGreat Britain$vPeriodicals.
=650  \0$aPetroleum industry and trade$xEnvironmental aspects$zGreat Britain$vStatistics$vPeriodicals.
=650  \0$aGas industry$xEnvironmental aspects$zGreat Britain$vStatistics$vPeriodicals.
=650  \0$aPetroleum industry and trade$zGreat Britain$xSafety measures$vPeriodicals.
=650  \0$aGas industry$zGreat Britain$xSafety measures$vPeriodicals.
=690  7\$aManagement and Business Studies$2blcoll
=710  2\$aTotal Holdings UK.
=780  00$tTotal Group in the UK
=852  41$aBritish Library$bSTI$cBIPC$kBIPC Trade Literature Collection$32010-2014
=CAT  \\$a11205$b40$c20130930$lBLL01$h1037
=CAT  \\$aBATCH-MBS$c20161028$lBLL01$h2114
=FIN  \\$aY$d20130930
=LKR  \\$aPAR$b013589391$lBLL01$nTotal Group in the UK$mUK environment and social responsibility report$r78000
=LAS  \\$aBATCH-MBS$b00$c20161028$lBLL01$h2114

