=LDR  01615pam a2200469 i 4500
=001  016508266
=003  Uk
=005  20140213113852.0
=008  140123s2013\\\\nyua\\\\\b\\\\001\0\eng\c
=FMT  \\$a  BK
=015  \\$aGBB389944$2bnb
=016  7\$a016508266$2Uk
=020  \\$a9781137378668 (hbk.) :$c£55.00
=035  \\$a(StEdNL)5127988
=040  \\$aStDuBDS$beng$cStDuBDS$dStEdNL$dUk$erda
=042  \\$aukscp
=082  04$a306.4$223
=245  00$aGlobal beauty, local bodies /$cedited by Afshan Jafar and Erynn Masi de Casanova.
=250  \\$aFirst edition.
=264  \1$aNew York, NY :$bPalgrave Macmillan,$c2013.
=300  \\$axxv, 185 pages :$billustrations ;$c23 cm
=336  \\$atext$2rdacontent
=337  \\$aunmediated$2rdamedia
=338  \\$avolume$2rdacarrier
=504  \\$aIncludes bibliographical references and index.
=500  \\$aFormerly CIP.$5Uk
=650  \0$aHuman body.
=650  \0$aBeauty, Personal.
=650  \0$aAesthetics.
=700  1\$aJafar, Afshan,$eeditor of compilation.
=700  1\$aCasanova, Erynn Masi de,$d1977-$eeditor of compilation.
=852  11$aBritish Library$bHMNTS$kSPIS306.4
=985  \\$aLDL record matched & merged
=CAT  \\$aBATCH-CIPN$b00$c20131001$lBLL01$h1701
=CAT  \\$aBATCH-LDLE$b00$c20140203$lBLL01$h2129
=CAT  \\$aBATCH-LDLL$b00$c20140203$lBLL01$h2129
=CAT  \\$aBATCH-LDL4$b00$c20140203$lBLL01$h2130
=CAT  \\$a12666$b40$c20140213$lBLL01$h1138
=CAT  \\$aWR16_021$c20160709$lBLL01$h1815
=CAT  \\$aBATCH-UPD$b00$c20160709$lBLL01$h1945
=FIN  \\$aY$d20140213
=LAS  \\$aBATCH-UPD$b00$c20160709$lBLL01$h1945

