=LDR  01830aas a2200493 i 4500
=001  016528872
=003  Uk
=005  20180821081656.0
=007  ta
=008  131029d201u2017enkqr\p\\\\\\\0\\\a0eng\\
=FMT  \\$a  SE
=015  \\$aGBB437179$2bnb
=022  0\$a2054-2348$202
=040  \\$aUk$beng$cUk$dUk$erda
=042  \\$aissnuk$aukblsr
=082  04$a338.7616446094105$223
=222  \0$aPlumb parts$b(Print)
=245  00$aPlumb parts.
=264  \1$aLondon :$bRedactive Publishing Ltd,$c[2012?-2017]
=300  \\$a21 volumes :$billustrations (black and white, and colour) ;$c27 cm
=310  \\$aQuarterly
=336  \\$atext$2rdacontent
=337  \\$aunmediated$2rdamedia
=338  \\$avolume$2rdacarrier
=362  1\$aCeased with issue 21 (2017).
=550  \\$a"Plumb Parts is the official magazine of Plumb Center and Parts Center."
=588  \\$aDescription based on: issue 4 (autumn 2013).
=650  \0$aPlumbing industry$zGreat Britain$vPeriodicals.
=650  \0$aPlumbing$zGreat Britain$xEquipment and supplies$vPeriodicals.
=650  \0$aHeating$zGreat Britain$xEquipment and supplies$vPeriodicals.
=690  7\$aManagement and Business Studies$2blcoll
=710  2\$aPlumb Center (Firm),$eissuing body.
=710  2\$aParts Center (Firm),$eissuing body.
=776  08$iAlso issued online as:$tPlumb parts$x2054-2356
=785  00$tTalking trade$x2631-4703
=852  11$aBritish Library$bSTI$cBIPC$kTrade Literature Collection$3Issue 4 (2013)-issue 20 (2017)
=CAT  \\$a10806$b40$c20131029$lBLL01$h1348
=CAT  \\$a11205$b40$c20140408$lBLL01$h1340
=CAT  \\$a8871$b40$c20140415$lBLL01$h1545
=CAT  \\$aBATCH-MBS$c20161028$lBLL01$h2114
=CAT  \\$a8323$b40$c20180821$lBLL01$h0816
=FIN  \\$aY$d20131029
=LET  \0$aPlumb parts (Print)
=LAS  \\$a8323$b40$c20180821$lBLL01$h0816

