=LDR  03138pam a2200733 i 4500
=001  016530542
=003  Uk
=005  20140217142425.0
=008  130905s2014\\\\enka\\\\\b\\\|0|1\0|eng|d
=FMT  \\$a  BK
=015  \\$aGBB399770$2bnb
=016  7\$a016530542$2Uk
=020  \\$a9781845204952 (set : hardback)
=020  \\$a9781472554680 (set : paperback)
=020  \\$a9781847887887 (v. 1 : hardback)
=020  \\$a9781472554628 (v. 1 : paperback)
=020  \\$a9781847887894 (v. 2 : hardback)
=020  \\$a9781472554635 (v. 2 : paperback) :$c£20.00
=020  \\$a9781847887900 (v. 3 : hardback)
=020  \\$a9781472554642 (v. 3 : paperback) :$c£20.00
=020  \\$a9781847887917 (v. 4 : hardback)
=020  \\$a9781472554659 (v. 4 : paperback) :$c£20.00
=020  \\$a9781847887924 (v. 5 : hardback)
=020  \\$a9781472554666 (v. 5 : paperback) :$c£20.00
=020  \\$a9781847887931 (v. 6 : hardback)
=020  \\$a9781472554673 (v. 6 : paperback) :$c£20.00
=040  \\$aStDuBDS$beng$cStDuBDS$dUk$erda
=042  \\$aukblsr
=082  04$a306.409$223
=245  02$aA cultural history of the human body /$cgeneral editors: Linda Kalof and William Bynum.
=264  \1$aLondon :$bBloomsbury,$c2014.
=300  \\$a6 volumes :$billustrations (black and white) ;$c25 cm
=336  \\$atext$2rdacontent
=337  \\$aunmediated$2rdamedia
=338  \\$avolume$2rdacarrier
=500  \\$aOriginally published: Oxford : Berg, 2010.
=504  \\$aIncludes bibliographical references and index.
=505  0\$av. 1. In antiquity / edited by Daniel H. Garrison -- v. 2. In the medieval age / edited by Linda Kalof -- v. 3. In the Renaissance / edited by Linda Kalof and William Bynum -- v. 4. In the Enlightenment / edited by Carole Reeves -- v. 5. In the age of empire / edited by Michael Sappol and Stephen P. Rice -- v. 6. In the modern age / edited by Ivan Crozier.
=500  \\$aFormerly CIP.$5Uk
=650  \0$aHuman body$xSocial aspects$xHistory.
=650  \0$aHuman body in popular culture$xHistory.
=700  1\$aKalof, Linda,$eeditor.
=700  1\$aBynum, W. F.$q(William F.),$d1943-$eeditor.
=700  1\$aGarrison, Daniel H.,$eeditor.
=700  1\$aReeves, Carole$q(Carole Anne),$eeditor.
=700  1\$aSappol, Michael,$eeditor.
=700  1\$aRice, Stephen P.$q(Stephen Patrick),$d1963-$eeditor.
=700  1\$aCrozier, Ivan,$d1972-$eeditor.
=852  41$aBritish Library$bHMNTS$ivol. 1
=852  41$aBritish Library$bHMNTS$ivol. 6
=852  41$aBritish Library$bHMNTS$ivol. 2
=852  41$aBritish Library$bHMNTS$ivol. 4
=852  41$aBritish Library$bHMNTS$ivol. 5
=852  41$aBritish Library$bHMNTS$ivol. 3
=CAT  \\$aBATCH-CIPN$b00$c20131029$lBLL01$h1701
=CAT  \\$a10876$b40$c20140212$lBLL01$h1409
=CAT  \\$a10876$b40$c20140212$lBLL01$h1413
=CAT  \\$a10876$b40$c20140212$lBLL01$h1417
=CAT  \\$a11250$b40$c20140217$lBLL01$h1354
=CAT  \\$a11250$b40$c20140217$lBLL01$h1408
=CAT  \\$a11250$b40$c20140217$lBLL01$h1424
=CAT  \\$aWR16_021$c20160709$lBLL01$h1819
=FIN  \\$aY$d20140217
=LAS  \\$aWR16_021$b00$c20160709$lBLL01$h1819

