=LDR  01817pam a2200469 i 4500
=001  016538027
=003  Uk
=005  20150414105218.0
=008  131025s2014\\\\ne\\\\\\\b\\\\001\0\eng\\
=FMT  \\$a  BK
=010  \\$a  2013042890
=015  \\$aGBB3A2336$2bnb
=016  7\$a016538027$2Uk
=020  \\$a9789004261877 (hbk.) :$cNo price
=020  \\$a9789004261877 (hbk. : alk. paper)
=020  \\$a9004261877 (hbk. : alk. paper)
=020  \\$z9789004261891 (e-book)
=020  \\$z9004261893 (e-book)
=040  \\$aStDuBDS$beng$cStDuBDS$dUk$erda
=042  \\$aukblcatcopy
=050  00$aKZ213$b.P38 2014
=082  00$a341.5/52026$223
=100  1\$aPatel, Bimal N.,$ecompiler,$eeditor.
=245  14$aThe World Court reference guide and case-law digest :$bjudgments, advisory opinions and orders of the International Court of Justice (2001-2010) and case-law digest (1992-2010) /$ccompiled and edited by Bimal N. Patel ; editorial assistants Param Pandya, Varun Chauhan, Kanaiya Thaker, and Vijay Vaghela.
=264  \1$aLeiden ;$aBoston :$bBrill Nijhoff,$c2014.
=300  \\$axvi, 1178 pages ;$c25 cm
=336  \\$atext$2rdacontent
=337  \\$aunmediated$2rdamedia
=338  \\$avolume$2rdacarrier
=530  \\$aAlso issued online.
=504  \\$aIncludes bibliographical references and indexes.
=500  \\$aFormerly CIP.$5Uk
=650  \0$aInternational law$vDigests.
=610  20$aInternational Court of Justice$vRecords and correspondence.
=650  \0$aArbitration (International law)$vDigests.
=852  11$aBritish Library$bHMNTS$kOPL$h341.552026
=CAT  \\$aBATCH-CIPN$b00$c20131105$lBLL01$h1701
=CAT  \\$a11002$b40$c20150414$lBLL01$h1052
=CAT  \\$aWR16_021$c20160709$lBLL01$h1820
=FIN  \\$aY$d20150414
=SRC  \\$aBLL02
=LAS  \\$aWR16_021$b00$c20160709$lBLL01$h1820

