=LDR  01604pam a2200445 i 4500
=001  016541832
=003  Uk
=005  20140410141113.0
=008  131001s2014\\\\enka\\\\\b\\\\001\0\eng\d
=FMT  \\$a  BK
=015  \\$aGBB3A3801$2bnb
=016  7\$a016541832$2Uk
=020  \\$a9781118477106 (hbk.) :$c£75.00
=040  \\$aStDuBDS$beng$cStDuBDS$dUk$erda
=042  \\$aukblcatcopy
=082  04$a690.52$223
=100  1\$aWilkinson, Sara,$d1961-$eauthor.
=245  10$aSustainable building adaptation :$binnovations in decision-making /$cSara J. Wilkinson, Hilde Remy, Craig Langston.
=264  \1$aChichester :$bWiley-Blackwell,$c2014.
=300  \\$axvi, 277 pages :$billustrations ;$c25 cm.
=336  \\$atext$2rdacontent
=337  \\$aunmediated$2rdamedia
=338  \\$avolume$2rdacarrier
=490  0\$aInnovation in the built environment
=504  \\$aIncludes bibliographical references and index.
=500  \\$aFormerly CIP.$5Uk
=650  \0$aCommercial buildings$xRemodeling.
=650  \0$aCommercial buildings$xEnergy conservation.
=650  \0$aSustainable buildings.
=700  1\$aRemøy, Hilde Therese,$d1972-$eauthor.
=700  1\$aLangston, Craig A.,$eauthor.
=852  11$aBritish Library$bHMNTS$k(B)$h690.52
=CAT  \\$aBATCH-CIPN$b00$c20131112$lBLL01$h1700
=CAT  \\$a11029$b40$c20140408$lBLL01$h0736
=CAT  \\$a9657$b40$c20140409$lBLL01$h1110
=CAT  \\$a5100$b40$c20140410$lBLL01$h1411
=CAT  \\$aBATCH-UPD$b40$c20151002$lBLL01$h2038
=CAT  \\$aWR16_021$c20160709$lBLL01$h1821
=FIN  \\$aY$d20140409
=LAS  \\$aWR16_021$b00$c20160709$lBLL01$h1821

