=LDR  01303 cm a2200409 i 4500
=001  016556951
=003  Uk
=005  20131216100955.0
=008  131203t20132013enkzza\\\\\\\\\n\\\\zxx\\
=FMT  \\$a  MU
=016  \\$a016556951
=024  2\$a9790570481743
=028  31$aFM275$bForton Music
=040  \\$aUk$beng$cUk$erda
=042  \\$aukblsr
=082  04$a788.32$223
=100  1\$aMagalif, Eugene,$d1957-$ecomposer.
=245  10$aFour seasons :$bflute and piano /$cEugene Magalif.
=264  \1$a[Forton, Lancashire] :$bForton Music,$c[2013]
=264  \4$c©2013
=300  \\$a1 score (15 pages) + part ;$c30 cm
=336  \\$anotated music$2rdacontent
=337  \\$aunmediated$2rdamedia
=338  \\$avolume$2rdacarrier
=546  \\$bStaff notation.
=650  \0$aFlute and piano music$vScores and parts.
=852  \\$aBritish Library$bMUSIC$hg.71.bb.(3.)
=BUF  \\$aRM$d20131203
=CAT  \\$a11168$b40$c20131203$lBLL01$h1431
=CAT  \\$a13932$b40$c20131205$lBLL01$h1508
=CAT  \\$a13932$b40$c20131205$lBLL01$h1513
=CAT  \\$a13932$b40$c20131205$lBLL01$h1514
=CAT  \\$a11814$b40$c20131216$lBLL01$h1009
=CAT  \\$aWR16_021$c20160709$lBLL01$h1823
=CAT  \\$aBATCH-016$c20160905$lBLL01$h1724
=FIN  \\$aY$d20131205
=LAS  \\$aBATCH-016$b00$c20160905$lBLL01$h1724

