=LDR  01360pam a2200385 i 4500
=001  016585485
=003  Uk
=005  20140515102542.0
=008  131212s2014\\\\nyua\\\\\b\\\\001\0\eng\d
=FMT  \\$a  BK
=015  \\$aGBB3B6572$2bnb
=016  7\$a016585485$2Uk
=020  \\$a9781629483283 (hbk.) :$c£124.99
=040  \\$aStDuBDS$beng$cStDuBDS$dUk$erda
=042  \\$aukblcatcopy
=082  04$a572.565$223
=245  00$aOligosaccharides :$bfood sources, biological roles and health implications /$cLori S. Schweizer and Stanley J. Krebs, editors.
=264  \1$aNew York :$bNova Biomedical,$c[2014]
=300  \\$axiv, 360 pages :$billustrations ;$c24 cm
=336  \\$atext$2rdacontent
=337  \\$aunmediated$2rdamedia
=338  \\$avolume$2rdacarrier
=504  \\$aIncludes bibliographical references and index.
=500  \\$aFormerly CIP.$5Uk
=650  \0$aOligosaccharides.
=700  1\$aSchweizer, Lori S.,$eeditor of compilation.
=700  1\$aKrebs, Stanley J.,$eeditor of compilation.
=852  11$aBritish Library$bSTI$k572.65
=CAT  \\$aBATCH-CIPN$b00$c20131217$lBLL01$h1701
=CAT  \\$a11384$b40$c20140513$lBLL01$h1138
=CAT  \\$a6632$b40$c20140514$lBLL01$h1705
=CAT  \\$a10743$b40$c20140515$lBLL01$h1025
=CAT  \\$aWR16_021$c20160713$lBLL01$h1803
=FIN  \\$aY$d20140514
=LAS  \\$aWR16_021$b00$c20160713$lBLL01$h1803

