=LDR  01711cam a2200493 i 4500
=001  016593067
=003  Uk
=005  20140819093840.0
=008  140102s2014\\\\xxua\\\\\b\\\|||1\||eng\\
=FMT  \\$a  BK
=010  \\$a2013027153
=015  \\$aGBB486527$2bnb
=016  7\$a016593067$2Uk
=020  \\$a9781597565615 (v. 1)
=020  \\$a159756561X (v. 1)
=020  \\$a9781597565622 (v. 2)
=040  \\$aUk$beng$cUk$erda
=042  \\$aukblsr
=082  00$a617.8$223
=245  00$aHandbook of central auditory processing disorder /$cedited by Frank E. Musiek, Gail D. Chermak.
=250  \\$aSecond edition.
=260  \\$aSan Diego, CA :$bPlural Publishing,$c[2014]
=300  \\$a2 volumes :$billustrations (black and white) ;$c27 cm
=336  \\$atext$2rdacontent
=337  \\$aunmediated$2rdamedia
=338  \\$avolume$2rdacarrier
=500  \\$aPrevious ed.: 2007.
=505  0\$av. 1. Auditory neuroscience and diagnosis -- v. 2. Comprehensive intervention.
=504  \\$aIncludes bibliographical references and index.
=650  \0$aWord deafness.
=650  \0$aHearing disorders.
=650  \0$aLanguage acquisition.
=650  \0$aAuditory perception.
=700  1\$aMusiek, Frank E.,$eeditor.
=700  1\$aChermak, Gail D.$q(Gail Donna),$d1950-$eeditor.
=852  11$aBritish Library$bHMNTS$k(B)$h617.8$ivol. 1
=852  11$aBritish Library$bHMNTS$k(B)$h617.8$ivol. 2
=CAT  \\$a11029$b40$c20140102$lBLL01$h0936
=CAT  \\$a6524$b40$c20140811$lBLL01$h1038
=CAT  \\$a11070$b40$c20140819$lBLL01$h0938
=CAT  \\$aWR16_021$c20160713$lBLL01$h1804
=CAT  \\$aBATCH-UPD$b00$c20230516$lBLL01$h2017
=FIN  \\$aY$d20140819
=LAS  \\$aBATCH-UPD$b00$c20230516$lBLL01$h2017

