=LDR  01369aam a2200421 i 4500
=001  016596860
=003  Uk
=005  20150312212132.0
=008  131113s2014\\\\enka\\\\\\\\\\000\0\eng|d
=FMT  \\$a  BK
=010  \\$a2013044323  
=015  \\$aGBB402084$2bnb
=016  7\$a016596860$2Uk
=020  \\$a9781107009790 (hbk.) :$c£75.00
=040  \\$aStDuBDS$beng$cStDuBDS$dUk$erda
=042  \\$aukblsr
=082  00$a530.120151539$223
=100  1\$aBaaquie, B. E.
=245  10$aPath integrals and Hamiltonians :$bprinciples and methods /$cBelal E. Baaquie.
=264  \1$aCambridge :$bCambridge University Press,$c2014.
=300  \\$axvii, 417 pages :$billustrations (black and white) ;$c26 cm.
=336  \\$atext$2rdacontent
=336  \\$astill image$2rdacontent
=337  \\$aunmediated$2rdamedia
=338  \\$avolume$2rdacarrier
=500  \\$aFormerly CIP.$5Uk
=650  \0$aDifferential operators.
=650  \0$aDifferential equations.
=650  \0$aHamiltonian operator.
=650  \0$aPath integrals.
=852  11$aBritish Library$bSTI$k530.120151539
=BUF  \\$aN$d20140411
=CAT  \\$aBATCH-CIPN$b00$c20140107$lBLL01$h1701
=CAT  \\$a11168$b40$c20140411$lBLL01$h0754
=CAT  \\$aBATCH-BUOC$b00$c20150312$lBLL01$h2121
=CAT  \\$aWR16_021$c20160713$lBLL01$h1805
=FIN  \\$aY$d20140411
=LAS  \\$aWR16_021$b00$c20160713$lBLL01$h1805

