=LDR  01416cas a2200409 i 4500
=001  016630862
=003  Uk
=005  20140218104721.0
=007  ta
=008  140214c201u9999enkqr\p\\\\\\\0\\\a0eng\\
=FMT  \\$a  SE
=040  \\$aUk$beng$cUk$erda
=042  \\$aukblsr
=082  04$a338.76213845$223
=110  2\$aHytera (Firm)
=245  10$aConnect :$bHytera customer publication & channel news /$cHytera.
=246  13$aHytera connect
=264  \1$a[Shenzhen] :$bMarketing Department, Hytera,$c[2012?]-
=264  31$a[Salisbury, United Kingdom] :$bLand Mobile
=300  \\$billustrations (colour) ;$c30 cm
=310  \\$aQuarterly
=336  \\$atext$2rdacontent
=337  \\$aunmediated$2rdamedia
=338  \\$avolume$2rdacarrier
=588  \\$aDescription based on: issue 1 (2012).
=588  \\$aLatest issue consulted: issue 4 (quarter 4, 2013).
=610  20$aHytera (Firm)$vPeriodicals.
=650  \0$aRadiotelephone$vPeriodicals.
=650  \0$aTelecommunication$vPeriodicals.
=690  7\$aManagement and Business Studies$2blcoll
=852  71$aBritish Library$bSTI$cRES$kTrade Literature Collection$3Issue 4, Quarter 4 (2013); Special edition (2016)-
=CAT  \\$a8323$b40$c20140214$lBLL01$h1531
=CAT  \\$a8871$b40$c20140218$lBLL01$h1047
=CAT  \\$aBATCH-MBS$c20160805$lBLL01$h2110
=FIN  \\$aY$d20140214
=LET  \0$aConnect (Hytera)
=LAS  \\$aBATCH-MBS$b00$c20160805$lBLL01$h2110

