=LDR  01456cas a2200421 i 4500
=001  016692623
=003  Uk
=005  20140430075615.0
=007  ta
=008  140424c20uu9999enkar\p\\\s\\\0\\\a0eng\\
=FMT  \\$a  SE
=015  \\$aGBB443378$2bnb
=022  0\$a2055-6020$y1470-0506$202
=040  \\$aUk$beng$cUk$erda
=042  \\$aukblsr$aissnuk
=082  04$a338.740941021$223
=222  \0$aNumis Smaller Companies Index
=245  00$aNumis Smaller Companies Index :$bannual review
=246  13$aAnnual review
=264  \1$aLondon :$bNumis Securities Ltd
=300  \\$billustrations (colour) ;$c30 cm
=310  \\$aAnnual
=336  \\$atext$2rdacontent
=337  \\$aunmediated$2rdamedia
=338  \\$avolume$2rdacarrier
=588  \\$aDescription based on: 2013 issue.
=650  \0$aCorporations$zGreat Britain$xStatistics$vPeriodicals.
=690  7\$aManagement and Business Studies$2blcoll
=710  2\$aNumis Securities Limited.
=780  00$tHoare Govett smaller companies index
=852  11$aBritish Library$bSTI$cBIPC$kTrade Literature Collection$32013-2015
=CAT  \\$a5997$b40$c20140424$lBLL01$h0855
=CAT  \\$a11313$b40$c20140428$lBLL01$h1031
=CAT  \\$a8871$b40$c20140430$lBLL01$h0756
=CAT  \\$aBATCH-MBS$c20161028$lBLL01$h2114
=FIN  \\$aY$d20140424
=LKR  \\$aPAR$b011458752$lBLL01$r78000$mNumis Smaller Companies Index$nHoare Govett smaller companies index
=LAS  \\$aBATCH-MBS$b00$c20161028$lBLL01$h2114

