=LDR  01359cas a2200421 i 4500
=001  016699942
=003  Uk
=005  20140502155355.0
=007  ta
=008  140502c20149999enkuu\p\\\\\\\0\\\a0eng\\
=FMT  \\$a  SE
=015  \\$aGBB445509$2bnb
=040  \\$aUk$beng$cUk$erda
=042  \\$aukblsr
=082  04$a332.63$223
=245  00$aActive insight.
=246  3\$aAI
=264  \1$aChelmsford :$bJupiter,$c2014-
=300  \\$billustrations (colour) ;$c30 cm
=336  \\$atext$2rdacontent
=337  \\$aunmediated$2rdamedia
=338  \\$avolume$2rdacarrier
=362  0\$aMarch 2014-
=650  \0$aInvestments$vPeriodicals.
=650  \0$aAsset allocation$vPeriodicals.
=650  \0$aPortfolio management$vPeriodicals.
=650  \0$aCapital investments$vPeriodicals.
=650  \0$aInvestment advisors$vPeriodicals.
=650  \0$aFinancial planners$vPeriodicals.
=690  7\$aManagement and Business Studies$2blcoll
=710  2\$aJupiter Asset Management Limited.
=710  2\$aJupiter Unit Trust Managers Limited,$eissuing body.
=852  11$aBritish Library$bSTI$cBIPC$kTrade Literature Collection$3Mar. (2014)-Jun. (2018)
=CAT  \\$a5110$b40$c20140502$lBLL01$h1055
=CAT  \\$a8871$b40$c20140502$lBLL01$h1553
=CAT  \\$aBATCH-MBS$c20161028$lBLL01$h2114
=FIN  \\$aY$d20140501
=LAS  \\$aBATCH-MBS$b00$c20161028$lBLL01$h2114

