=LDR  01342cas a2200385 i 4500
=001  016699993
=003  Uk
=005  20220727144950.0
=007  ta
=008  140502d20uu2020enkfr\\\\\\\\\0\\\a0eng\\
=FMT  \\$a  SE
=015  \\$aGBB446210$2bnb
=040  \\$aUk$beng$cUk$erda
=042  \\$aukblsr
=082  04$a332.632$223
=110  2\$aArtemis Global Income Fund.
=245  10$aManager's short report :$bfor the year ended 31 March ... /$cArtemis Global Income Fund.
=264  \1$a[London] :$b[Artemis Fund Managers Limited]
=300  \\$billustrations (colour) ;$c30 cm
=310  \\$aSemiannual
=336  \\$atext$2rdacontent
=337  \\$aunmediated$2rdamedia
=338  \\$avolume$2rdacarrier
=588  \\$aDescription based on: for the six months ended 31 January 2014 issue.
=610  20$aArtemis Global Income Fund$vPeriodicals.
=650  \0$aSecurities$vPeriodicals.
=690  7\$aManagement and Business Studies$2blcoll
=852  11$aBritish Library$bSTI$cBIPC$kTrade Literature Collection$331 Jan. (2014)-(Jan. 2016)
=CAT  \\$a5997$b40$c20140502$lBLL01$h1147
=CAT  \\$a5997$b40$c20140502$lBLL01$h1152
=CAT  \\$a8871$b40$c20140502$lBLL01$h1656
=CAT  \\$aBATCH-MBS$c20161028$lBLL01$h2114
=CAT  \\$a8124$b40$c20220727$lBLL01$h1449
=FIN  \\$aY$d20140502
=LAS  \\$a8124$b40$c20220727$lBLL01$h1449

