=LDR  01886 am a2200397 i 4500
=001  016725773
=003  Uk
=005  20140523170727.0
=008  140522s2014\\\\enka\\\\\\\\\|0|1\0|eng\\
=FMT  \\$a  BK
=010  \\$a2013045304
=015  \\$aGBB454231$2bnb
=016  7\$a016725773$2Uk
=020  \\$a9781107636606 (paperback)
=040  \\$aUk$beng$cUk$erda
=082  00$a617.96076$223
=100  1\$aGilbert-Kawai, Edward T.,$eauthor.
=245  10$aEssential equations for anaesthesia :$bkey clinical concepts for the FRCA and EDA /$cauthors, Dr. Edward T. Gilbert-Kawai, MBChB, anaesthetic registrar, Central London School of Anaesthesia, UK, Dr. Marc D. Wittenberg, MBChB, BSc (Hons), FRCA, senior anaesthetic registrar, Central London School of Anaesthesia, UK ; foreword and contents editor, Dr. Wynne Davies, MBBCh, DRCOG, DCH, FRCA, FFICM, University College London Hospitals NHS Foundation Trust, UK, statistical editor, Dr. Rebecca Gilbert, PhD, School of Social and Community Medicine, University of Bristol, UK.
=264  \1$aCambridge, United Kingdom :$bCambridge University Press,$c2014.
=300  \\$a199 pages :$billustrations (black and white) ;$c24 cm
=336  \\$atext$2rdacontent
=337  \\$aunmediated$2rdamedia
=338  \\$avolume$2rdacarrier
=500  \\$aIncludes index.
=650  \0$aAnesthesia$vExaminations, questions, etc.
=650  \0$aAnesthesiology$vExaminations, questions, etc.
=700  1\$aWittenberg, Marc D.,$eauthor.
=700  1\$aDavies, Wynne$q(David Wynne Lloyd),$eeditor.
=700  1\$aGilbert, Rebecca,$eeditor.
=852  11$aBritish Library$bSTI$k(B)$i617.96076
=CAT  \\$a6524$b40$c20140522$lBLL01$h0814
=CAT  \\$a7000$b40$c20140523$lBLL01$h1707
=CAT  \\$aBATCH-UPD$b40$c20140523$lBLL01$h1708
=CAT  \\$aWR16_021$c20160715$lBLL01$h1804
=FIN  \\$aY$d20140523
=LAS  \\$aWR16_021$b00$c20160715$lBLL01$h1804

