=LDR  01712pam a2200433 i 4500
=001  016830506
=003  Uk
=005  20141218085109.0
=008  140806s2014\\\\enka\\\\\bc\\\000\0\eng\d
=FMT  \\$a  BK
=015  \\$aGBB488007$2bnb
=016  7\$a016830506$2Uk
=020  \\$a9781782621706 (hardback) :$c£170.00
=040  \\$aStDuBDS$beng$cStDuBDS$dUk$erda
=042  \\$aukblsr
=082  04$a541.39$223
=245  00$aMechanochemistry :$bfrom functional solids to single molecules : Montréal, Canada 21-23 May 2014.
=264  \1$aCambridge :$bRoyal Society of Chemistry,$c2014.
=300  \\$a429 pages :$billustrations (black and white, and colour) ;$c24 cm.
=336  \\$atext$2rdacontent
=337  \\$aunmediated$2rdamedia
=338  \\$avolume$2rdacarrier
=490  0\$aFaraday discussions,$x1359-6640 ;$v170
=500  \\$a"A general discussion on mechanochemistry was held in Montréal, Canada on the 21st, 22nd, and 23rd of May 2014"--page 5.
=500  \\$a"ISSN 1364-5498 (electronic)"--title page verso.
=530  \\$aAlso available electronically.
=504  \\$aIncludes bibliographical references.
=500  \\$aFormerly CIP.$5Uk
=650  \0$aMechanical chemistry$vCongresses.
=710  2\$aRoyal Society of Chemistry (Great Britain).$bFaraday Division,$epublisher.
=852  71$aBritish Library$bHMNTS$k(P)$hKT 00$m-E(11)
=CAT  \\$aBATCH-CIPN$b00$c20140819$lBLL01$h1701
=CAT  \\$a6524$b40$c20141216$lBLL01$h0723
=CAT  \\$a6524$b40$c20141216$lBLL01$h0729
=CAT  \\$a5751$b40$c20141218$lBLL01$h0850
=CAT  \\$a5751$b40$c20141218$lBLL01$h0851
=CAT  \\$aWR16_021$c20160715$lBLL01$h1814
=FIN  \\$aY$d20141217
=LAS  \\$aWR16_021$b00$c20160715$lBLL01$h1814

