=LDR  01406cas a2200421 i 4500
=001  016862111
=003  Uk
=005  20221004114459.0
=007  ta
=008  140909d201u201uenkuu\p\\\\\\\0\\\a0eng\\
=FMT  \\$a  SE
=015  \\$aGBB496490$2bnb
=040  \\$aUk$beng$cUk$erda
=042  \\$aukblsr
=082  04$a364.1680$223
=245  04$aThe Euromoney financial crime & cyber security handbook.
=246  3\$aEuromoney financial crime and cyber security handbook
=264  \1$a[Colchester] :$bEuromoney Trading Ltd
=300  \\$billustrations (colour) ;$c26 cm.
=336  \\$atext$2rdacontent
=337  \\$aunmediated$2rdamedia
=338  \\$avolume$2rdacarrier
=362  0\$a2014/15-
=490  0\$aEuromoney handbooks
=650  \0$aComputer crime$xPrevention$vPeriodicals.
=650  \0$aInternet fraud$xPrevention$vPeriodicals.
=650  \0$aCommercial crimes$xPrevention$vPeriodicals.
=690  7\$aSocial Welfare$2blcoll
=710  2\$aEuromoney Trading Ltd.
=852  11$aBritish Library$bHMNTS$k(B) MKT$h364.1680$mBusiness$32014/2015
=CAT  \\$a5997$b40$c20140909$lBLL01$h0731
=CAT  \\$a5997$b40$c20140909$lBLL01$h0742
=CAT  \\$aBATCH-SWP$c20150619$lBLL01$h2211
=CAT  \\$a10806$b40$c20161006$lBLL01$h1428
=CAT  \\$a8871$b40$c20220907$lBLL01$h0858
=CAT  \\$a6490$b40$c20221004$lBLL01$h1144
=FIN  \\$aY$d20140909
=LAS  \\$a6490$b40$c20221004$lBLL01$h1144

