=LDR  01515 am a2200397 i 4500
=001  016888452
=003  Uk
=005  20150422153232.0
=008  140920s2014\\\\th\a\\\\\b\\\|0|0\0|eng\d
=FMT  \\$a  BK
=020  \\$a9789211206777 (paperback)
=020  \\$a9211206774 (paperback)
=020  \\$z9789210567633 (e-ISBN)
=035  \\$a(OCoLC)891126569
=040  \\$aBTCTA$beng$cBTCTA$dBDX$dUk$erda
=042  \\$aukblsr
=245  00$aAsia and the Pacific :$ba story of transformation and resurgence : economic and social survey of Asia and the Pacific 1947-2014.
=264  \1$a[Thailand?] :$bUnited Nations ESCAP,$cAugust 2014.
=300  \\$axvi, 182 pages :$billustrations (black and white) ;$c30 cm
=336  \\$atext$2rdacontent
=337  \\$aunmediated$2rdamedia
=338  \\$avolume$2rdacarrier
=530  \\$aAlso published electronically.
=504  \\$aIncludes bibliographical references.
=651  \0$aAsia$xEconomic conditions$y1945-
=651  \0$aAsia$xSocial conditions$y20th century.
=651  \0$aPacific Area$xEconomic conditions$y20th century.
=651  \0$aPacific Area$xSocial conditions$y20th century.
=710  2\$aUnited Nations.$bEconomic and Social Commission for Asia and the Pacific.
=852  11$aBritish Library$bHMNTS$kOPL$h950.0212
=CAT  \\$a6503$b40$c20141009$lBLL01$h1414
=CAT  \\$a11014$b40$c20150422$lBLL01$h1532
=CAT  \\$aBATCH-UPD$b40$c20180608$lBLL01$h2037
=FIN  \\$aY$d20150422
=SID  \\$aZ39$bOCLC
=LAS  \\$aBATCH-UPD$b40$c20180608$lBLL01$h2037

