=LDR  01825pam a2200493 i 4500
=001  016940614
=003  Uk
=005  20160804143119.0
=008  141031s2015\\\\enk\\\\\\b\\\\001|0|eng|d
=FMT  \\$a  BK
=015  \\$aGBB4C7506$2bnb
=016  7\$a016940614$2Uk
=020  \\$a9781783479504 (hbk.) :$c£85.00
=020  \\$z9781783479511 (ebook) :$cNo price
=040  \\$aStDuBDS$beng$cStDuBDS$dUk$erda
=042  \\$aukblcatcopy
=082  04$a337.142$223
=100  1\$aMcCann, Philip,$d1964-$eauthor.
=245  14$aThe regional and urban policy of the European Union :$bcohesion, results-orientation and smart specialisation /$cPhilip McCann.
=264  \1$aCheltenham :$bEdward Elgar Publishing,$c[2015]
=300  \\$axiii, 286 pages ;$c24 cm.
=336  \\$atext$2rdacontent
=337  \\$aunmediated$2rdamedia
=338  \\$avolume$2rdacarrier
=490  0\$aNew horizons in regional science
=530  \\$aAlso issued online.
=504  \\$aIncludes bibliographical references and index.
=500  \\$aFormerly CIP.$5Uk
=610  20$aEuropean Union.
=651  \0$aEuropean Union countries$xEconomic conditions$xRegional disparities.
=651  \0$aEuropean Union countries$xEconomic integration.
=650  \0$aRegional planning$zEurope.
=690  7\$aManagement and Business Studies$2blcoll
=776  08$iebook version :$z9781783479511
=852  11$aBritish Library$bHMNTS$kSPIS337.142
=CAT  \\$aBATCH-CIPN$b00$c20141111$lBLL01$h1701
=CAT  \\$aBATCH-UPD$b00$c20141111$lBLL01$h1718
=CAT  \\$a6524$b40$c20150317$lBLL01$h1136
=CAT  \\$aBATCH-UPD$b40$c20151223$lBLL01$h2021
=CAT  \\$aWR16_021$c20160716$lBLL01$h1805
=CAT  \\$a7183$b40$c20160804$lBLL01$h1431
=CAT  \\$aBATCH-MBS$c20160819$lBLL01$h2112
=FIN  \\$aY$d20160804
=LAS  \\$aBATCH-MBS$b00$c20160819$lBLL01$h2112

