=LDR  02649cam a2200553 i 4500
=001  016942898
=003  Uk
=005  20141118141600.0
=008  140522s2014\\\\ne\\\\\\\b\\\\001\0\eng\\
=FMT  \\$a  BK
=010  \\$a  2014020414
=020  \\$a9789004265158 (set : hardback : alk. paper)
=020  \\$a9789004276987 (v. 1 : hardback : alk. paper)
=020  \\$a9789004276994 (v. 2 : hardback : alk. paper)
=020  \\$z9789004265165 (set : e-book)
=040  \\$aDLC$beng$cDLC$dUk$erda
=041  0\$aeng$aheb
=042  \\$aukblsr
=043  \\$ae-fr---
=050  00$aKJW7871.A85$bB47 2014
=082  00$a340.58$223
=100  1\$aBerkovitz, Jay R.,$d1951-$ecompiler,$eauthor.
=245  10$aProtocols of justice :$bthe pinkas of the Metz rabbinic court 1771-1789 /$cby Jay R. Berkovitz.
=246  3\$aPinkas of the Metz rabbinic court 1771-1789
=264  \1$aLeiden ;$aBoston :$bBrill,$c2014.
=300  \\$a2 volumes :$bmaps (black and white) ;$c25 cm.
=336  \\$atext$btxt$2rdacontent
=337  \\$aunmediated$bn$2rdamedia
=338  \\$avolume$bnc$2rdacarrier
=490  0\$aStudies in Jewish history and culture ;$vvolume 44
=546  \\$aIntroductory volume in English, text of the pinkas in Hebrew.
=500  \\$a"The two volumes comprise the complete text of the Metz Pinkas Beit, which is fully annotated by the author, and a thorough analysis of its significance for history and law at the threshold of modernity"--Back cover.
=504  \\$aIncludes bibliographical references and indexes.
=505  1\$aIntroduction -- Rabbinic court records : law and historical narrative in the eighteenth century -- Communal autonomy and rabbinic jurisdiction -- Legal acculturation and its broader social foundations -- Overlapping jurisdictions: between legal centralism and legal pluralism -- Women, family, and property -- Conclusion.
=530  \\$aAlso issued online.
=650  \0$aJews$xLegal status, laws, etc.$zFrance$zMetz$xHistory$y18th century$vSources.
=650  \0$aRabbinical courts$zFrance$zMetz$xHistory$y18th century$vSources.
=650  \0$aCourt records$zFrance$zMetz$xHistory$y18th century$vSources.
=852  41$aBritish Library$bHMNTS$iZA.9.a.11660(44/2)
=852  41$aBritish Library$bHMNTS$iZA.9.a.11660(44/1)
=CAT  \\$a8197$b40$c20141113$lBLL01$h1342
=CAT  \\$a11250$b40$c20141118$lBLL01$h1201
=CAT  \\$a11250$b40$c20141118$lBLL01$h1320
=CAT  \\$a11250$b40$c20141118$lBLL01$h1416
=CAT  \\$aW2308-1659$c20230923$lBLL01$h1027
=CAT  \\$aBATCH-UPD$b00$c20230925$lBLL01$h0813
=FIN  \\$aY$d20141118
=SRC  \\$aBLL02
=LAS  \\$aBATCH-UPD$b00$c20230925$lBLL01$h0813

