=LDR  01425 am a2200421 i 4500
=001  016950173
=003  Uk
=005  20150429134941.0
=008  140926s2014\\\\enkb\\\\\\\\\|0|0\0|eng\d
=FMT  \\$a  BK
=015  \\$aGBB556354$2bnb
=020  \\$a9781857437416
=020  \\$a1857437411
=035  \\$a(OCoLC)891611299
=040  \\$aBTCTA$beng$cBTCTA$dBDX$dUk$erda
=042  \\$aukblsr
=082  04$a970.0541$223
=245  04$aThe USA and Canada 2015 /$cregional editor ; Neil Higgins.
=250  \\$a17th edition.
=264  \1$aAbingdon, Oxon :$bRoutledge,$c2014.
=300  \\$axvi, 660 pages :$bmaps (black and white) ;$c29 cm.
=336  \\$atext$2rdacontent
=337  \\$aunmediated$2rdamedia
=338  \\$avolume$2rdacarrier
=490  0\$aEuropa regional surveys of the world
=651  \0$aUnited States$xPolitics and government$y2009-
=651  \0$aCanada$xPolitics and government$y21st century.
=651  \0$aUnited States$xEconomic conditions$y2009-
=651  \0$aCanada$xEconomic conditions$y21st century.
=651  \0$aUnited States$xSocial conditions$y21st century.
=651  \0$aCanada$xSocial conditions$y21st century.
=700  1\$aHiggins, Neil,$eeditor.
=852  11$aBritish Library$bHMNTS$kOPL$h970.053
=CAT  \\$a6503$b40$c20141120$lBLL01$h1417
=CAT  \\$a11014$b40$c20150429$lBLL01$h1349
=FIN  \\$aY$d20150429
=SID  \\$aZ39$bOCLC
=LAS  \\$a11014$b40$c20150429$lBLL01$h1349

