=LDR  01937pam a2200493 i 4500
=001  016954477
=003  Uk
=005  20150123142236.0
=008  141112s2014\\\\azuaf\\\\b\\\|1|1|0|eng|d
=FMT  \\$a  BK
=015  \\$aGBB4D3303$2bnb
=016  7\$a016954477$2Uk
=020  \\$a9780816531240
=040  \\$aStDuBDS$beng$cStDuBDS$dUk$erda
=042  \\$aukblsr
=082  04$a523.88$223
=111  2\$aProtostars and Planets (Conference)$n(6th :$d2013 :$cHeidelberg, Germany)
=245  10$aProtostars and planets VI /$cedited by Henrik Beuther, Ralf S. Klessen, Cornelis P. Dullemond, Thomas Henning ; with the assistance of Renee Dotson.
=264  \1$aTucson :$bThe University of Arizona Press,$c[2014]
=300  \\$axvi, 914 pages, 11 unnumbered pages of plates :$billustrations (black and white) ;$c29 cm.
=336  \\$atext$2rdacontent
=337  \\$aunmediated$2rdamedia
=338  \\$avolume$2rdacarrier
=490  0\$aSpace science series
=504  \\$aIncludes bibliographical references and index.
=500  \\$aFormerly CIP.$5Uk
=650  \0$aProtostars$vCongresses.
=650  \0$aPlanets$xOrigin$vCongresses.
=650  \0$aMolecular clouds$vCongresses.
=650  \0$aStars$xFormation$vCongresses.
=700  1\$aBeuther, Henrik,$eeditor of compilation.
=700  1\$aKlessen, Ralf S.,$eeditor of compilation.
=700  1\$aDullemond, Cornelis P.,$eeditor of compilation.
=700  1\$aHenning, Th.$q(Thomas),$d1956-$eeditor of compilation.
=700  1\$aDotson, Renée,$eeditor of compilation.
=852  11$aBritish Library$bSTI$k523.88
=CAT  \\$aBATCH-CIPN$b00$c20141125$lBLL01$h1701
=CAT  \\$a9592$b40$c20150122$lBLL01$h0744
=CAT  \\$a11014$b40$c20150123$lBLL01$h1422
=CAT  \\$aBATCH-UPD$b40$c20150123$lBLL01$h1423
=CAT  \\$aWR16_021$c20160716$lBLL01$h1806
=CAT  \\$aBATCH-UPD$b00$c20160716$lBLL01$h1837
=FIN  \\$aY$d20150123
=LAS  \\$aBATCH-UPD$b00$c20160716$lBLL01$h1837

