=LDR  00779 am a22002053i 4500
=001  016979687
=003  Uk
=005  20190614185037.0
=008  141211s\\\\\\\\\\\\\\\\\\\\\\\0\\\\tur\\
=FMT  \\$a  BK
=020  \\$a9786055605780
=100  \\$aNeval Karakuş Sakin
=245  \0$aKayseri Râşid Efendi kütüphanesi'ndeki yazma eserlerde bulunan ebrû örnekleri.
=264  \1$aKayseri-Ankara :$bKayseri Enstitüsü Derneği,$c2013.
=883  0\$aLanguage codes assigned by Bayesian analysis of words present in record$d20181024$qUk$c0.997
=852  41$aBritish Library$bOC$mYP.2015.a.236
=CAT  \\$a13427$b40$c20141211$lBLL01$h1452
=CAT  \\$aFIX-001$c20151007$lBLL01$h1811
=CAT  \\$aW1903-1550$b00$c20190614$lBLL01$h1850
=LAS  \\$aW1903-1550$b00$c20190614$lBLL01$h1850

