=LDR  00993 am a2200301 i 4500
=001  016999297
=003  Uk
=005  20150218133757.0
=008  150105s1972\\\\sz\af\\\\b\\\|0|1\0|eng\\
=FMT  \\$a  BK
=040  \\$aUk$beng$cUk$erda
=042  \\$aukblsr
=100  10$aO'Connor, Stanley J.,$eauthor.
=245  10$aHindu gods of Peninsular Siam /$cStanley J. O'Connor, Jr.
=264  \1$aAscona :$bArtibus Asiae Publishers,$c1972.
=300  \\$a76 pages, 8 unnumbered leaves of plates :$billustrations (black and white) ;$c32 cm
=336  \\$atext$2rdacontent
=337  \\$aunmediated$2rdamedia
=338  \\$avolume$2rdacarrier
=504  \\$aIncludes bibliographical references and index.
=650  \0$aGods in art.
=650  \0$aHindu gods$zThailand.
=650  \0$aSculpture, Thai.
=852  41$aBritish Library$bOC$gOr.73.g.21
=CAT  \\$a12395$b40$c20150105$lBLL01$h1619
=CAT  \\$a12395$b40$c20150218$lBLL01$h1337
=FIN  \\$aY$d20150105
=LAS  \\$a12395$b40$c20150218$lBLL01$h1337

