=LDR  01338pam a2200409 i 4500
=001  017011077
=003  Uk
=005  20150417112239.0
=008  150112s2015\\\\enk\\\\\\\\\\\000\0\eng\d
=FMT  \\$a  BK
=015  \\$aGBB506209$2bnb
=016  7\$a017011077$2Uk
=020  \\$a9781859594865 (pbk.) :$c£50.00
=040  \\$aStDuBDS$beng$cStDuBDS$dUk$erda
=042  \\$aukblcatcopy
=082  04$a346.4201664$223
=100  1\$aDuckworth, Peter,$eauthor.
=245  10$aDictionary of financial remedies /$cDistrict Judge Edward Hess, Peter Duckworth, Sally Max.
=250  \\$aSecond edition.
=264  \1$aBrigg :$bClass Legal,$c2015.
=300  \\$aviii, 87 pages ;$c30 cm
=336  \\$atext$2rdacontent
=337  \\$aunmediated$2rdamedia
=338  \\$avolume$2rdacarrier
=500  \\$aFormerly CIP.$5Uk
=650  \0$aSupport (Domestic relations)$zEngland.
=650  \0$aSupport (Domestic relations)$zWales.
=700  1\$aDuckworth, Peter,$eauthor.
=700  1\$aMax, Sally,$eauthor.
=852  41$aBritish Library$bHMNTS$kOPL$h346.4201664
=916  \\$a700/1=NEW
=CAT  \\$aBATCH-CIPN$b00$c20150113$lBLL01$h1702
=CAT  \\$a6829$b40$c20150416$lBLL01$h0926
=CAT  \\$a9657$b40$c20150417$lBLL01$h1122
=CAT  \\$aWR16_021$c20160716$lBLL01$h1813
=FIN  \\$aY$d20150417
=LAS  \\$aWR16_021$b00$c20160716$lBLL01$h1813

