=LDR  01862aam a2200505 i 4500
=001  017011538
=003  Uk
=005  20160428212112.0
=008  141212s2015\\\\enka\\\\\\\\\\000|0|eng|d
=FMT  \\$a  BK
=010  \\$a2014046612  
=015  \\$aGBB506670$2bnb
=016  7\$a017011538$2Uk
=020  \\$a9781472453532 (hbk.) :$c£60.00
=020  \\$a9781472435620 (pbk.) :$c£25.00
=020  \\$z9781472435644 (ePub ebook) :$cNo price
=020  \\$z9781472435637 (PDF ebook) :$cNo price
=040  \\$aStDuBDS$beng$cStDuBDS$dUk$erda
=042  \\$aukblsr
=082  00$a305.3$223
=100  1\$aOakley, Ann.
=245  10$aSex, gender and society /$cAnn Oakley.
=264  \1$aFarnham :$bAshgate,$c2015.
=300  \\$a172 pages :$billustrations ;$c25 cm.
=336  \\$atext$2rdacontent
=337  \\$aunmediated$2rdamedia
=338  \\$avolume$2rdacarrier
=500  \\$aFormerly CIP.$5Uk
=504  \\$aIncludes bibliographical references and index.
=505  0\$aNew introduction -- Introduction to 1972 edition -- The biology of sex -- Sex and personality -- Sex and intellect -- Sexuality -- Sex and social role -- Sex and gender -- The learning of gender roles -- The future of sex differences -- References to new introduction.
=650  \0$aSex role.
=650  \0$aSex (Biology)
=650  \0$aSex (Psychology)
=690  7\$aSocial Welfare$2blcoll
=776  08$iebook version:$z9781472435644
=852  11$aBritish Library$bHMNTS$kSPIS305.3
=BUF  \\$aN$d20150303
=CAT  \\$aBATCH-CIPN$b00$c20150113$lBLL01$h1702
=CAT  \\$a11168$b40$c20150303$lBLL01$h1058
=CAT  \\$aBATCH-BUOC$b00$c20160428$lBLL01$h2120
=CAT  \\$aWR16_021$c20160716$lBLL01$h1814
=CAT  \\$aBATCH-SWP$c20160722$lBLL01$h2207
=CAT  \\$aW1611-0866$c20161123$lBLL01$h1752
=FIN  \\$aY$d20150303
=LAS  \\$aW1611-0866$b00$c20161123$lBLL01$h1752

