=LDR  01412pam a2200409 i 4500
=001  017011551
=003  Uk
=005  20150526170714.0
=008  141224s2014\\\\mdua\\\\\b\\\\001\0\eng\d
=FMT  \\$a  BK
=015  \\$aGBB506683$2bnb
=016  7\$a017011551$2Uk
=020  \\$a9781498504294 (hardback) :$c£51.95
=020  \\$z9781498504300 (electronic)
=040  \\$aStDuBDS$beng$cStDuBDS$dUk$erda
=042  \\$aukblcatcopy
=082  04$a327.51061$223
=100  1\$aOlimat, Muhamad,$eauthor.
=245  10$aChina and North Africa since World War II :$ba bilateral approach /$cMuhamad S. Olimat.
=264  \1$aLanham :$bLexington Books,$c[2014]
=300  \\$axv, 233 pages :$billustrations ;$c24 cm
=336  \\$atext$2rdacontent
=337  \\$aunmediated$2rdamedia
=338  \\$avolume$2rdacarrier
=530  \\$aAlso issued online.
=504  \\$aIncludes bibliographical references and index.
=500  \\$aFormerly CIP.$5Uk
=651  \0$aChina$xForeign relations$zAfrica, North.
=651  \0$aAfrica, North$xForeign relations$zChina.
=651  \0$aChina$xForeign relations$y1949-
=852  11$aBritish Library$bHMNTS$kSPIS327.51061
=CAT  \\$aBATCH-CIPN$b00$c20150113$lBLL01$h1702
=CAT  \\$a6923$b40$c20150522$lBLL01$h0838
=CAT  \\$a8318$b40$c20150526$lBLL01$h1707
=CAT  \\$aWR16_021$c20160716$lBLL01$h1814
=FIN  \\$aY$d20150526
=LAS  \\$aWR16_021$b00$c20160716$lBLL01$h1814

