=LDR  03170pam a2200601 i 4500
=001  017019359
=003  Uk
=005  20160204120001.0
=008  140721t20152015flua\\\\\b\\\\001\0\eng\\
=FMT  \\$a  BK
=010  \\$a  2014028482
=015  \\$aGBB508944$2bnb
=016  7\$a017019359$2Uk
=020  \\$a9781482214468 (hbk.) :$c£63.99
=020  \\$z9781482214475 (PDF ebook) :$c£63.99
=020  \\$z9781498711005 (VitalBook ebook) :$c£63.99
=035  \\$a(DNLM)101637265
=040  \\$aStDuBDS$beng$cStDuBDS$dUk$erda
=042  \\$aukblcatcopy
=050  00$aRG135$b.A878 2015
=060  10$aWQ 17
=082  00$a618.1/780599$223
=245  00$aAtlas of time lapse embryology /$cedited by Alison Campbell, BSc (Hons), MMedSci, Dip RC Path, Head of Embryology, CARE Fertility Group, Nottingham, UK, Simon Fishel, PhD, Managing Director, CARE Fertility Group, Nottingham, UK.
=264  \1$aBoca Raton :$bCRC Press, Taylor & Francis Group,$c[2015]
=264  \4$c©2015
=300  \\$a121 pages :$billustrations ;$c28 cm
=336  \\$astill image$2rdacontent
=336  \\$atext$2rdacontent
=337  \\$aunmediated$2rdamedia
=338  \\$avolume$2rdacarrier
=530  \\$aAlso published electronically.
=504  \\$aIncludes bibliographical references and index.
=505  0\$aEquipment required for time lapse observations in IVF / Louise Best -- Clinical aspects of time lapse imaging / Alison Campbell -- Time lapse, the cell cycle, distribution of morphokinetic timings and known implantation data / Alison Campbell -- Gender correlation / Samantha Duffy -- Fertilization : polar body extrusion / Colleen Lynch -- Fertilization : pronuclear formation and fusion / Louise Kellam and Laina Murphy -- Fragmentation / Sue Montgomery -- Number of pronuclei and ploidy / Abigail A Burchill -- Compaction / Louise Best and Samantha Duffy -- Blastulation and expansion / Louise Best and Samantha Duffy -- Hatching of the human blastocyst / Louise Kellam -- Irregular cleavages / Kathryn Berrisford and Ellen Cater -- Reverse cleavage/blastomere fusion / Davina Hulme -- Smooth endoplastic reticulum clusters / Cath Drezet -- Multinucleation / Claire Shearer -- Vacuolation / Rachel Smith -- Granular cytoplasm / Sarah Foley -- Zona defects / Gerri Emerson -- The patient perspective / Samantha Duffy.
=500  \\$aFormerly CIP.$5Uk
=650  \0$aEmbryology$vAtlases.
=650  \0$aFertilization in vitro, Human$vAtlases.
=650  \0$aChronophotography.
=650  12$aFertilization in Vitro$vAtlases.
=650  22$aEctogenesis$vAtlases.
=650  22$aEmbryonic Development$vAtlases.
=650  22$aTime-Lapse Imaging$vAtlases.
=776  08$iebook version:$z9781482214475
=700  1\$aFishel, S.$q(Simon)
=700  1\$aCampbell, Alison,$d1970-
=852  11$aBritish Library$bSTI$k618.1780599
=CAT  \\$aBATCH-CIPN$b00$c20150120$lBLL01$h1701
=CAT  \\$aBATCH-CIPC$b00$c20150127$lBLL01$h1701
=CAT  \\$aCOUTTS-2$b00$c20160126$lBLL01$h1752
=CAT  \\$a11002$b40$c20160204$lBLL01$h1200
=CAT  \\$aWR16_021$c20160716$lBLL01$h1814
=FIN  \\$aY$d20160204
=SRC  \\$aBLL02
=LAS  \\$aWR16_021$b00$c20160716$lBLL01$h1814

