=LDR  02048cas a2200505 i 4500
=001  017021889
=003  Uk
=005  20220405102943.0
=007  ta
=008  751101d19661969iluwn\pe\\\\\\0\\\a0eng\d
=FMT  \\$a  SE
=010  \\$a   77009820 $zsn 87065724 
=035  \\$a(OCoLC)ocm01759881
=040  \\$aDLC$beng$cMnMULS$dOCoLC$dMs-AR$dVi$dInU$dOCoLC$dDLC$dOCoLC$dDLC$dOCoLC$dUk$erda
=042  \\$aukblsr$apremarc
=043  \\$an-us---
=050  00$aLH1.A2$bS73
=245  00$aNew left notes /$cSDS.
=246  17$aSDS new left notes
=264  \1$aChicago, Illinois :$bStudents for a Democratic Society,$c1969.
=300  \\$a1 volume :$billustrations ;$c43 cm
=310  \\$aWeekly (biweekly June and July),$bApr. 29, 1968-Oct. 21, 1968
=321  \\$aWeekly,$bJan. 21, 1966-Apr. 22, 1968
=336  \\$atext$2rdacontent
=337  \\$aunmediated$2rdamedia
=338  \\$avolume$2rdacarrier
=362  0\$aVol. 1, no. 1 (Jan. 21, 1966)-v. 4, no. 32 (Oct. 21, 1969).
=500  \\$a"Class war comix"--On top of first page.
=525  \\$aSupplements accompany some issues.
=500  \\$aAn SDS splinter group published: New left notes (Boston, Mass.), June 30, 1969.
=650  \0$aStudent movements$zUnited States$vPeriodicals.
=650  \0$aStudents$xPolitical activity$zUnited States$vPeriodicals.
=610  20$aStudents for a Democratic Society (U.S.)$vPeriodicals.
=710  2\$aStudents for a Democratic Society (U.S.)
=785  00$tFire (Chicago, Ill.)$w(DLC)sn 95023467$w(OCoLC)1775564
=787  1\$tNew left notes (Boston, Mass.)$w(OCoLC)8089402
=852  41$aBritish Library$bHMNTS$qCopy at XXXX. Imperfect: lower right corner ripped off.$3Vol.4 No. 30 (Sept.20 1969)
=CAT  \\$a3563$b40$c20150122$lBLL01$h1420
=CAT  \\$a14738$b40$c20171016$lBLL01$h1331
=CAT  \\$a14738$b40$c20171016$lBLL01$h1336
=CAT  \\$a14738$b40$c20171016$lBLL01$h1338
=CAT  \\$a14738$b40$c20171016$lBLL01$h1347
=CAT  \\$a6490$b40$c20220405$lBLL01$h1029
=SID  \\$aZ39$bLOC
=LAS  \\$a6490$b40$c20220405$lBLL01$h1029

