=LDR  01645 am a2200373 i 4500
=001  017110593
=003  Uk
=005  20151126175150.0
=008  131022s2011\\\\sj\\\\\\\\\\\\000\0\ara\\
=FMT  \\$a  BK
=010  \\$a  2013329036
=020  \\$a9789994252558
=040  \\$aDLC$beng$cDLC$erda
=042  \\$apcc$alcode
=100  1\$6880-01$aSulaymān, Ḥusayn ʿAbd al-Raḥmān,$d1971-
=245  10$6880-02$aḤimāyat al-aṭfāl min al-istighlāl wa-suʾ al-muʿāmalah /$ciʿdād D. Ḥusayn ʿAbd al-Raḥmān Sulaymān.
=264  \1$6880-03$a[Umm Durmān] :$bDār Jāmiʿat Umm Durmān al-Islāmīyah lil-Ṭibāʿah wa-al-Nashr,$c[2011]
=300  \\$a250 pages ;$c24 cm
=336  \\$atext$2rdacontent
=337  \\$aunmediated$2rdamedia
=338  \\$avolume$2rdacarrier
=520  \\$aChilds; laws and legislations; Sudan.
=650  \0$aChildren$xLegal status, laws, etc.$zSudan
=650  \0$aChildren's rights$zSudan.
=880  1\$6100-01/(3/r‏$a‏سليمان، حسين عبد الرحمن.
=880  10$6245-02/(3/r‏$a‏حماية الاطفال من الإستغلال وسوء المعاملة /‏$c‏إعداد د. حسين عبد الرحمن سليمان.
=880  \1$6264-03/(3/r‏$a‏[Umm Durmān] :‏$b‏دار جامعة أم درمان الإسلامية للطباعة والنشر،‏$c‏[2011]
=852  41$aBritish Library$bOC$mYP.2015.a.7087
=CAT  \\$a14188$b40$c20150313$lBLL01$h1623
=CAT  \\$aBATCH-UPD$b40$c20150821$lBLL01$h2019
=CAT  \\$a13943$b40$c20151126$lBLL01$h1751
=FIN  \\$aY$d20151126
=SRC  \\$aBLL02
=LAS  \\$a13943$b40$c20151126$lBLL01$h1751

