=LDR  01734 cm a2200505 i 4500
=001  017113873
=003  Uk
=005  20150318120622.0
=008  140131s2013\\\\ru\sya|\\e\\\\\nn\|\zxx\\
=FMT  \\$a  MU
=010  \\$a  2014445246
=024  2\$a9790660000892
=024  3\$a9790660000892
=028  22$as 6001 k$bKompozitor
=035  \\$a(GyWOH)har125001418
=040  \\$aDLC$beng$cDLC$dUk$erda
=041  0\$grus$geng
=042  \\$aukblsr
=050  00$aM1001$b.S655 no. 27
=082  04$a784.2184$223
=100  1\$aSlonimskiĭ, Sergeĭ Mikhaĭlovich,$ecomposer.
=240  10$aSymphonies,$nno. 27
=245  10$aSimfonii︠a︡ no. 27 :$bLiricheskai︠a︡ : pami︠a︡ti N. I︠A︡. Mi︠a︡skovskogo = Symphony no. 27 : The lyrical : to the memory of N. Ya. Myaskovsky /$cSergeĭ Slonimskiĭ.
=246  31$aSymphony no. 27 :$bThe lyrical : to the memory of N. Ya. Myaskovsky
=246  30$aLiricheskai︠a︡
=246  31$aLyrical
=250  \\$aPartitura.
=264  \1$aSankt Peterburg :$bKompozitor,$c2013.
=300  \\$a1 score (67 pages) ;$c30 cm
=336  \\$anotated music$bntm$2rdacontent
=337  \\$aunmediated$bn$2rdamedia
=338  \\$avolume$bnc$2rdacarrier
=382  01$aorchestra$2lcmpt
=500  \\$aFor orchestra.
=546  \\$bStaff notation.
=500  \\$aPreface in Russian and English.
=650  \0$aSymphonies$vScores.
=700  1\$aMi︠a︡skovskiĭ, N.$q(Nikolaĭ),$d1881-1950,$ededicatee.
=852  41$aBritish Library$bDSC$cMUSIC
=CAT  \\$a8870$b40$c20150318$lBLL01$h1155
=CAT  \\$a8870$b40$c20150318$lBLL01$h1206
=CAT  \\$aBATCH-UPD$b40$c20160421$lBLL01$h1614
=FIN  \\$aY$d20150318
=SRC  \\$aBLL02
=LAS  \\$aBATCH-UPD$b40$c20160421$lBLL01$h1614

