=LDR  01544pam a2200433 i 4500
=001  017153065
=003  Uk
=005  20150908151613.0
=008  150217s2015\\\\enka\\\\\\\\\|0|1|0|eng|d
=FMT  \\$a  BK
=015  \\$aGBB544255$2bnb
=016  7\$a017153065$2Uk
=020  \\$a9780008126315 (hardback)
=040  \\$aStDuBDS$beng$cStDuBDS$dUk$erda
=042  \\$aukblsr
=082  04$a328.41$223
=245  04$aThe Times guide to the House of Commons 2015 /$ceditor, Ian Brunskill ; deputy editor, Matthew Lyons ; assistant editor, Ed Frankl.
=246  13$aGuide to the House of Commons 2015
=264  \1$aLondon :$bTimes Books,$c2015.
=300  \\$a416 pages :$billustrations (black and white) ;$c25 cm
=336  \\$atext$2rdacontent
=337  \\$aunmediated$2rdamedia
=338  \\$avolume$2rdacarrier
=500  \\$aIncludes index.
=500  \\$aFormerly CIP.$5Uk
=650  \0$aPoliticians$zGreat Britain.
=610  10$aGreat Britain.$bParliament.$bHouse of Commons.
=610  10$aGreat Britain.$bParliament$xElections, 2015.
=651  \0$aGreat Britain$xPolitics and government$y2007-
=700  1\$aBrunskill, Ian,$eeditor.
=700  1\$aLyons, Matthew$c(Editor),$eeditor.
=700  1\$aFrankl, Ed,$eeditor.
=852  41$aBritish Library$bHMNTS$kOPL$h328.42073
=CAT  \\$aBATCH-CIPN$b00$c20150414$lBLL01$h1700
=CAT  \\$a6923$b40$c20150907$lBLL01$h1405
=CAT  \\$a11014$b40$c20150908$lBLL01$h1516
=CAT  \\$aWR16_021$c20160717$lBLL01$h1805
=FIN  \\$aY$d20150908
=LAS  \\$aWR16_021$b00$c20160717$lBLL01$h1805

