=LDR  01360cam a2200361 i 4500
=001  017374456
=003  Uk
=005  20160122122544.0
=008  150528s1910\\\\ci\\\\\\\\\\\|0|0\0|hrv\\
=FMT  \\$a  BK
=040  \\$aUk$beng$cUk$erda
=042  \\$aukblsr
=100  0\$aI. R.,$eauthor.
=245  10$aSrpska propaganda radi o zatoru hrvatskog naroda /$cnamijenio svim Hrvatima bez razlike vjere Dr. I. R.
=264  \1$aZagreb :$bTiskara hrvatske stranke prava d. d.,$c1910.
=300  \\$a101 pages ;$c22 cm
=336  \\$atext$2rdacontent
=337  \\$aunmediated$2rdamedia
=338  \\$avolume$2rdacarrier
=650  \7$aPropaganda, Serbian.$2fast$0(OCoLC)fst01079044
=650  \7$aCroats.$2fast$0(OCoLC)fst00883833
=651  \7$aCroatia.$2fast$0(OCoLC)fst01212674
=648  \7$a1900 - 1910$2fast
=655  \7$aHistory.$2fast$0(OCoLC)fst01411628
=852  41$aBritish Library$bHMNTS$mYF.2016.a.5103$qCopy mutilated; some text underlined with pencil or ink, annotations in the margins.
=CAT  \\$a10039$b40$c20150528$lBLL01$h1052
=CAT  \\$aBATCH-UPD$b40$c20150528$lBLL01$h1053
=CAT  \\$a10039$b40$c20160122$lBLL01$h1224
=CAT  \\$a10039$b40$c20160122$lBLL01$h1225
=CAT  \\$aBATCH-UPD$b40$c20181014$lBLL01$h2056
=CAT  \\$aW2308-1659$c20230923$lBLL01$h1030
=FIN  \\$aY$d20160122
=LAS  \\$aW2308-1659$b00$c20230923$lBLL01$h1030

