=LDR  01474pam a2200409 i 4500
=001  017390813
=003  Uk
=005  20160204135359.0
=008  150515s2015\\\\nyua\\\\\b\\\\001\0\eng\d
=FMT  \\$a  BK
=015  \\$aGBB574605$2bnb
=016  7\$a017390813$2Uk
=020  \\$a9781634826501 (hbk.) :$c£191.99
=040  \\$aStDuBDS$beng$cStDuBDS$dUk$erda
=042  \\$aukblcatcopy
=082  04$a616.362$223
=245  00$aHepatotoxicity :$bsymptoms, management and health implications /$cSenthilkumar Rajagopal and Sengottuvelan Murugan, editors.
=264  \1$aNew York :$bNova Biomedical,$c[2015]
=300  \\$axvii, 360 pages :$billustrations (black and white) ;$c26 cm.
=336  \\$atext$2rdacontent
=337  \\$aunmediated$2rdamedia
=338  \\$avolume$2rdacarrier
=490  0\$aHepatological research and clinical developments
=504  \\$aIncludes bibliographical references and index.
=500  \\$aFormerly CIP.$5Uk
=650  \0$aHepatotoxicology.
=700  1\$aRajagopal, Senthilkumar,$eeditor.
=700  1\$aMurugan, Sengottuvelan,$eeditor.
=852  11$aBritish Library$bSTI$k(B)616.362
=CAT  \\$aBATCH-CIPN$b00$c20150609$lBLL01$h1701
=CAT  \\$a11168$b40$c20160203$lBLL01$h0919
=CAT  \\$a6162$b40$c20160204$lBLL01$h0858
=CAT  \\$a6162$b40$c20160204$lBLL01$h0920
=CAT  \\$a8962$b40$c20160204$lBLL01$h1353
=CAT  \\$aWR16_021$c20160718$lBLL01$h1802
=FIN  \\$aY$d20160204
=LAS  \\$aWR16_021$b00$c20160718$lBLL01$h1802

