=LDR  02452aam a2200541 i 4500
=001  017532294
=003  Uk
=005  20170518212240.0
=008  150814s2015\\\\enkab\\\\b\\\\001|0|eng|d
=FMT  \\$a  BK
=010  \\$a2015025778  
=015  \\$aGBB5C0092$2bnb
=016  7\$a017532294$2Uk
=020  \\$a9781137336385 (hbk.) :$c£63.00
=040  \\$aStDuBDS$beng$cStDuBDS$dUk$erda
=042  \\$aukblsr
=082  00$a072$223
=100  1\$aGardner, Victoria E. M.$q(Victoria Elizabeth Moseley),$d1977-$eauthor.
=245  14$aThe business of news in England, 1760-1820 /$cVictoria E.M. Gardner.
=264  \1$aBasingstoke, Hampshire :$bPalgrave Macmillan,$c2015.
=300  \\$ax, 270 pages :$billustrations (black and white), maps ;$c23 cm.
=336  \\$atext$2rdacontent
=336  \\$astill image$2rdacontent
=337  \\$aunmediated$2rdamedia
=338  \\$avolume$2rdacarrier
=490  0\$aPalgrave studies in the history of the media
=500  \\$aFormerly CIP.$5Uk
=504  \\$aIncludes bibliographical references (pages 237-264) and index.
=505  8\$aMachine generated contents note: 1. The English Press 2. Advertisements, Agents and Exchange 3. Provincial Newspaper Proprietors 4. Securing the Family, Embedding the Trade 5. Communities and Communications Brokers 6. News Networks.
=650  \0$aNewspaper publishing$zGreat Britain$xHistory$y18th century.
=650  \0$aNewspaper publishing$zGreat Britain$xHistory$y19th century.
=650  \0$aJournalism, Regional$zGreat Britain$xHistory$y18th century.
=650  \0$aJournalism, Regional$zGreat Britain$xHistory$y19th century.
=650  \0$aEnglish newspapers$xOwnership$xEconomic aspects$xHistory$y18th century.
=650  \0$aEnglish newspapers$xOwnership$xEconomic aspects$xHistory$y19th century.
=650  \0$aPress and politics$zGreat Britain$xHistory$y18th century.
=650  \0$aPress and politics$zGreat Britain$xHistory$y19th century.
=650  \7$aHISTORY / Europe / Great Britain.$2bisacsh
=650  \7$aHISTORY / Modern / 18th Century.$2bisacsh
=650  \7$aHISTORY / Social History.$2bisacsh
=852  11$aBritish Library$bHMNTS$cSPHOA$kNRR072
=BUF  \\$aN$d20160318
=CAT  \\$aBATCH-CIPN$b00$c20150908$lBLL01$h1701
=CAT  \\$a11131$b40$c20160318$lBLL01$h1208
=CAT  \\$aWR16_021$c20160719$lBLL01$h1805
=CAT  \\$aBATCH-BUOC$b00$c20170518$lBLL01$h2122
=FIN  \\$aY$d20160318
=LAS  \\$aBATCH-BUOC$b00$c20170518$lBLL01$h2122

