=LDR  01787 am a2200493 a 4500
=001  013600072
=003  Uk
=005  20190319155924.0
=008  061113s2006\\\\enka\\\\\\\\\\000\0\eng\\
=015  \\$aGBA697691$2bnb
=016  7\$a013600072$2Uk
=020  \\$cNo price (pbk.)
=040  \\$aUk$beng$cUk
=042  \\$aukblsr
=082  04$a338.4738110941$222
=245  00$aUK retail briefing.$phousehold goods focus, September 2006.
=260  \\$aLondon :$bMintel International Group,$c2006.
=300  \\$ax, 132 p. :$bill. ;$c30 cm.
=336  \\$atext$2rdacontent
=337  \\$aunmediated$2rdamedia
=338  \\$avolume$2rdacarrier
=650  \0$aMarket surveys$zGreat Britain.
=650  \0$aHousehold appliances$zGreat Britain.
=650  \0$aFood industry and trade$zGreat Britain.
=650  \0$aHouse furnishings industry and trade$zGreat Britain.
=650  \0$aClothing trade$zGreat Britain.
=650  \0$aHousehold appliances$zGreat Britain$xStatistics.
=650  \0$aFood industry and trade$zGreat Britain$xStatistics.
=650  \0$aHouse furnishings industry and trade$zGreat Britain$xStatistics.
=650  \0$aClothing trade$zGreat Britain$xStatistics.
=690  7\$aManagement and Business Studies$2blcoll
=710  2\$aMintel International Group Ltd.
=852  41$aBritish Library$bSTI$cRES
=CAT  \\$a8479$b40$c20061113$lBLL01$h1513
=CAT  \\$a9671$b40$c20061120$lBLL01$h1418
=CAT  \\$aBATCH$b00$c20090624$lBLL01$h1720
=CAT  \\$aBATCH690$c20100715$lBLL01$h2104
=CAT  \\$aBATCH-MBS$c20100716$lBLL01$h2048
=CAT  \\$aWR16_021$c20160616$lBLL01$h1809
=CAT  \\$a10932$b40$c20190319$lBLL01$h1418
=CAT  \\$a10932$b40$c20190319$lBLL01$h1559
=FIN  \\$aY$d20061120
=FMT  \\$a  BK
=LAS  \\$a10932$b40$c20190319$lBLL01$h1559

