=LDR  01405cam a22004335a 4500
=001  013600299
=003  Uk
=005  20061113192453.0
=008  921006s1991\\\\it\\\\\\\b\\\\001\0\ita\d
=FMT  \\$a  BK
=010  \\$a92224655
=035  \\$a(DLC) 92224655
=040  \\$aUk$ceng$dUk$dDLC
=042  \\$alccopycat
=045  \\$ax0x4$ax4x-
=050  00$aB67$b.G48 1991
=100  10$aGeymonat, Ludovico.
=245  10$aFilosofia e scienza nel '900 /$cLudovico Geymonat ; a cura di Mario Quaranta.
=260  \\$aPadova, Italia :$bEdizioni GB,$c1991.
=300  \\$a311, [7] p. ;$c21 cm.
=336  \\$atext$2rdacontent
=337  \\$aunmediated$2rdamedia
=338  \\$avolume$2rdacarrier
=490  1\$aScienze sociali e umane
=504  \\$aIncludes bibliographical references (p. [318]) and index.
=650  \0$aPhilosophy and science.
=700  1\$aQuaranta, Mario.
=830  \0$aScienze sociali e umane.
=852  41$aBritish Library$bHMNTS$hYA.1994.a.598
=CAT  \\$a3513$b40$c20061113$lBLL01$h1918
=CAT  \\$a3513$b40$c20061113$lBLL01$h1924
=CAT  \\$aBATCH$b00$c20091217$lBLL01$h0438
=CAT  \\$aBATCH$b00$c20100103$lBLL01$h1231
=CAT  \\$aBATCH-UPD$b00$c20141211$lBLL01$h0341
=CAT  \\$aBATCH-UPD$b00$c20190510$lBLL01$h2117
=CAT  \\$aW2308-1659$c20230923$lBLL01$h1031
=FIN  \\$aY$d20061113
=SID  \\$aZ39$bLOC
=LAS  \\$aW2308-1659$b00$c20230923$lBLL01$h1031

