=LDR  01771 as a2200493 a 4500
=001  013628154
=003  Uk
=005  20110405134056.0
=007  ta
=008  050427d20052006enkar\p\\\r\\\0\\\a0eng\\
=015  \\$aGBA6A5387$2bnb
=016  \\$a013628154
=040  \\$aUk$beng$cUk
=042  \\$aukblsr
=082  04$a647.9542105$222
=245  00$aHarden's London party & corporate event guide.
=246  30$aLondon party & corporate event guide
=246  3\$aHarden's London party and corporate event guide
=260  \\$aLondon :$bHarden's,$c2005-
=300  \\$av. :$bcol. ill. ;$c22 cm.
=336  \\$atext$2rdacontent
=337  \\$aunmediated$2rdamedia
=338  \\$avolume$2rdacarrier
=362  1\$aBegan in 2005 ; ceased with 2006 edition.
=500  \\$aLatest issue consulted: 2006 ed.
=580  \\$aContinues: Harden's London party guide.
=650  \0$aEntertaining$zEngland$zLondon$vDirectories.
=650  \0$aCaterers and catering$zEngland$zLondon$vDirectories.
=650  \0$aHospitality industry$zEngland$zLondon$vDirectories.
=785  00$tHarden's party, conference & event guide
=852  41$aBritish Library$bHMNTS$hZK.9.a.11255$32005-2006
=985  \\$aIssues of the previous title "Harden's London party guide" were treated as monographs.
=CAT  \\$a8128$b40$c20061218$lBLL01$h1732
=CAT  \\$a8128$b40$c20061218$lBLL01$h1733
=CAT  \\$a8128$b40$c20061218$lBLL01$h1737
=CAT  \\$a8483$b40$c20090611$lBLL01$h0956
=CAT  \\$a6537$b40$c20110405$lBLL01$h1340
=CAT  \\$aWR14_140$c20140905$lBLL01$h1814
=CAT  \\$aWR16_021$c20160616$lBLL01$h1814
=CAT  \\$aBATCH-016$c20160905$lBLL01$h1711
=FIN  \\$aY$d20061218
=FMT  \\$a  SE
=LAS  \\$aBATCH-016$b00$c20160905$lBLL01$h1711
=TCO  \\$aCLA$bCLA$c008

