=LDR  01584 as a2200481 a 4500
=001  013632637
=003  Uk
=005  20121123093256.0
=007  ta
=008  061229d20042010enkqr\p\\\\\\\0\\\a0eng\\
=015  \\$aGBA700091$2bnb
=040  \\$aUk$beng$cUk
=042  \\$aukblsr
=082  04$a620.4162$222
=110  2\$aAcergy (Firm)
=240  10$aKeynotes (Acergy (Firm))
=245  10$aKeynotes /$cAcergy.
=260  \\$a[Sunbury-on-Thames] :$bAcergy,$c[2004]-2010.
=300  \\$av. :$bill. (chiefly col.), maps, col. ports. ;$c28 cm.
=310  \\$aQuarterly
=336  \\$atext$2rdacontent
=337  \\$aunmediated$2rdamedia
=338  \\$avolume$2rdacarrier
=362  1\$aBegan in 2004.
=362  1\$aCeased with issue 22 2010.
=500  \\$aDescription based on: issue 8 (summer 2006).
=610  20$aAcergy (Firm)$vPeriodicals.
=650  \0$aOcean engineering$vPeriodicals.
=650  \0$aMarine engineering$vPeriodicals.
=650  \0$aOffshore structures$vPeriodicals.
=785  00$t24/7 (London, England : 2011)
=852  11$aBritish Library$bSTI$cBIPC$kBIPC Trade Literature Collection$3Issue 8 (Summer 2006)-issue 22 (2010)
=CAT  \\$a11315$b40$c20061229$lBLL01$h1017
=CAT  \\$a9572$b40$c20070105$lBLL01$h1434
=CAT  \\$a11251$b40$c20070717$lBLL01$h1813
=CAT  \\$a8871$b40$c20110728$lBLL01$h1207
=CAT  \\$a5110$b40$c20121123$lBLL01$h0932
=CAT  \\$aWR14_140$c20140905$lBLL01$h1814
=FIN  \\$aY$d20061229
=FMT  \\$a  SE
=LAS  \\$aWR14_140$b00$c20140905$lBLL01$h1814
=LET  \0$aKeynotes - Acergy
=TCO  \\$aCLA$bCLA$c008

