=LDR  00733 cm a22002293a 4500
=001  013646961
=003  Uk
=005  20070117155931.0
=008  070117s2005\\\\\\\||\\|\||||||\\\|\\\\\\
=082  14$a780$215
=100  1\$aKatuar, G.$q(Georgiĭ),$d1861-1926.
=245  10$aSonate Nr. 2 "Poem" für Violine und Klavier, op. 20, 1906 /$cG. Catoire.
=260  \\$aBonn :$bForberg,$c2005.
=336  \\$anotated music$2rdacontent
=337  \\$aunmediated$2rdamedia
=338  \\$avolume$2rdacarrier
=852  41$aBritish Library$bDSC$cMUSIC
=CAT  \\$a8870$b40$c20070117$lBLL01$h1559
=CAT  \\$aBATCH-UPD$b40$c20090531$lBLL01$h1921
=CAT  \\$aWR15_100$c20150913$lBLL01$h1617
=FMT  \\$a  MU
=LAS  \\$aWR15_100$b00$c20150913$lBLL01$h1617

