=LDR  01465 am a2200433 a 4500
=001  013648875
=003  Uk
=005  20070124124548.0
=008  070122r19891966xxua\\\\\b\\\\001\0\eng\\
=015  \\$aGBA707372$2bnb
=016  7\$a013648875$2Uk
=020  \\$a089464307X :$cNo price
=040  \\$aUk$beng$cUk
=042  \\$aukblsr
=082  04$a538.6$222
=100  10$aHughes, William F.$q(William Frank),$d1930-
=245  14$aThe electromagnetodynamics of fluids /$cW.F. Hughes and F.J. Young.
=260  \\$aMalabar, Fla. :$bRobert E. Krieger Pub.,$c1989.
=300  \\$axiii, 648 p. :$bill. ;$c24 cm.
=336  \\$atext$2rdacontent
=337  \\$aunmediated$2rdamedia
=338  \\$avolume$2rdacarrier
=500  \\$aRepr. with corrections. - Originally published: New York : Wiley, 1966.
=504  \\$aIncludes bibliographical references and index.
=650  \0$aMagnetohydrodynamics.
=650  \0$aElectrodynamics.
=650  \0$aThermodynamics.
=650  \0$aFluid dynamics.
=700  1\$aYoung, F. J.$q(Frederick John),$d1931-
=852  71$aBritish Library$bSTI$2blsrissc
=CAT  \\$a12327$b40$c20070122$lBLL01$h1358
=CAT  \\$a9671$b40$c20070124$lBLL01$h0839
=CAT  \\$a9671$b40$c20070124$lBLL01$h0843
=CAT  \\$a9671$b40$c20070124$lBLL01$h1245
=CAT  \\$aBATCH-UPD$b40$c20141217$lBLL01$h1745
=CAT  \\$aWR16_021$c20160617$lBLL01$h1805
=FIN  \\$aY$d20070124
=FMT  \\$a  BK
=LAS  \\$aWR16_021$b00$c20160617$lBLL01$h1805

