=LDR  01165 am a2200361 a 4500
=001  013649153
=003  Uk
=005  20070124123603.0
=008  070122r19871981xxuab\\\\b\\\\001\0\eng\\
=010  \\$a86-21370
=015  \\$aGBA707369$2bnb
=016  7\$a013649153$2Uk
=020  \\$a0898749948 :$cNo price
=040  \\$aUk$beng$cUk
=042  \\$aukblsr
=082  04$a633.18$222
=100  1\$aDe Datta, Surajit K.,$d1933-
=245  10$aPrinciples and practices of rice production /$cSurajit K. De Datta.
=260  \\$aMalabar, Fla. :$bRobert E. Krieger Pub.,$c1987.
=300  \\$axix, 618 p. :$bill., maps ;$c24 cm.
=336  \\$atext$2rdacontent
=337  \\$aunmediated$2rdamedia
=338  \\$avolume$2rdacarrier
=500  \\$aRept. with corrections. - Originally published: Chichester : Wiley, 1981.
=504  \\$aIncludes bibliographical references and index.
=650  \0$aRice.
=852  71$aBritish Library$bSTI$2blsrissc
=CAT  \\$a8178$b40$c20070122$lBLL01$h1638
=CAT  \\$a9671$b40$c20070124$lBLL01$h1236
=CAT  \\$aWR16_021$c20160617$lBLL01$h1805
=FIN  \\$aY$d20070124
=FMT  \\$a  BK
=LAS  \\$aWR16_021$b00$c20160617$lBLL01$h1805

