=LDR  01317 as a2200361 a 4500
=001  013651568
=003  Uk
=005  20070129140149.0
=007  ta
=008  070124c200u9999enkuu\p\\\\\\\0\\\a0eng\\
=040  \\$aUk$beng$cUk
=042  \\$aukblsr
=082  04$a621.4838094105$222
=110  2\$aBritish Nuclear Group.$bProject Services.
=240  10$aBaton (British Nuclear Group. Project Services)
=245  14$aThe baton :$binformation for the customers and partners of British Nuclear Group Project Services Ltd.
=260  \\$a[Great Britain] :$bBritish Nuclear Group. Project Services
=300  \\$av. :$bcol. ill., col. ports. ;$c42 cm.
=336  \\$atext$2rdacontent
=337  \\$aunmediated$2rdamedia
=338  \\$avolume$2rdacarrier
=500  \\$aDescription based on: Issue no. 3.
=610  20$aBritish Nuclear Group.$bProject Services$vPeriodicals.
=852  11$aBritish Library$bSTI$cBIPC$kBIPC Trade Literature Collection$3Number 3 [200u]-
=CAT  \\$a8124$b40$c20070124$lBLL01$h1002
=CAT  \\$a9572$b40$c20070129$lBLL01$h1401
=CAT  \\$aBATCH$b00$c20081124$lBLL01$h1133
=CAT  \\$aWR14_140$c20140905$lBLL01$h1814
=CAT  \\$aBATCH-UPD$b00$c20160924$lBLL01$h0140
=FIN  \\$aY$d20070124
=FMT  \\$a  SE
=LAS  \\$aBATCH-UPD$b00$c20160924$lBLL01$h0140
=TCO  \\$aCLA$bCLA$c008

