=LDR  01402 as a2200409 a 4500
=001  013657609
=003  Uk
=005  20100604135642.0
=007  ta
=008  070201c19uu9999ie\ar\p\\\\\\\0\\\a0eng\\
=040  \\$aUk$beng$cUk
=042  \\$aukblsr
=082  04$a328.3509417$222
=110  1\$aIreland.$bOireachtas.
=245  10$aCín lae imeachtaí Dháil Éireann = the journal of the Proceedings of the Dàil Éireann.
=246  18$aImeachtaí Dháil Éireann (Ina Gcorpraítear Vótàlacha Dhàil Eíreann)
=246  31$aJournal of the Proceedings of the Dàil Éireann
=260  \\$aDublin :$bStationery Office
=300  \\$av. ;$c31 cm.
=310  \\$aAnnual
=336  \\$atext$2rdacontent
=337  \\$aunmediated$2rdamedia
=338  \\$avolume$2rdacarrier
=500  \\$aCumilative bound annual editions.
=500  \\$a'Incorporating Divisions of Dàil Éireann'.
=500  \\$aBegan in 1921?
=500  \\$aDescription based on: Vol. 76 (1997).
=651  \0$aIreland$xParliament$vPeriodicals.
=651  \0$aIreland$xPolitics and government$vPeriodicals.
=852  41$aBritish Library$bHMNTS$iCSA.127/262
=CAT  \\$a11439$b40$c20070201$lBLL01$h1111
=CAT  \\$a8874$b40$c20100604$lBLL01$h1356
=CAT  \\$aWR14_140$c20140905$lBLL01$h1814
=FIN  \\$aY$d20070201
=FMT  \\$a  SE
=LAS  \\$aWR14_140$b00$c20140905$lBLL01$h1814
=TCO  \\$aIRL$bICLA$c008

