=LDR  01511 as a2200421 a 4500
=001  013667711
=003  Uk
=005  20091204095724.0
=007  ta
=008  070208d200u200uenkuu\p\\r\\\\0\\\a0eng\\
=015  \\$aGBA710998$2bnb
=040  \\$aUk$beng$cUk$dUk
=042  \\$aukblsr
=082  04$a331.259205$222
=130  0\$aDirectory (Capita Learning & Development)
=245  14$aThe directory :$byour guide to training services /$cCapita Learning & Development.
=260  \\$aLondon :$bCapita Learning & Development
=300  \\$av. :$bill. (some col.) ;$c30 cm.
=336  \\$atext$2rdacontent
=337  \\$aunmediated$2rdamedia
=338  \\$avolume$2rdacarrier
=500  \\$aDescription based on: Jan. 2007-Aug. 2007 issue.
=610  20$aCapita Learning & Development$vDirectories.
=650  \0$aEmployees$xTraining of,$vDirectories.
=710  2\$aCapita Learning & Development.
=780  00$tTraining course directory
=785  00$tTraining & development directory (London, England)
=852  11$aBritish Library$bSTI$cBIPC$kBIPC Trade Literature Collection$3(Jan./Aug. 2007)-(Mar./Dec. 2007)
=CAT  \\$a8871$b40$c20070208$lBLL01$h1118
=CAT  \\$a8871$b40$c20070208$lBLL01$h1211
=CAT  \\$a8871$b40$c20070208$lBLL01$h1240
=CAT  \\$a8964$b40$c20070208$lBLL01$h1559
=CAT  \\$a11205$b40$c20091204$lBLL01$h0957
=CAT  \\$aWR14_140$c20140905$lBLL01$h1814
=FIN  \\$aY$d20070208
=FMT  \\$a  SE
=LAS  \\$aWR14_140$b00$c20140905$lBLL01$h1814
=TCO  \\$aCLA$bCLA$c008

