=LDR  01193cam a22003737a 4500
=001  013674810
=003  Uk
=005  20070216102927.0
=008  060831s2004\\\\it\\\\\\\s\\\f000\0\ita\d
=FMT  \\$a  BK
=020  \\$a8845808564
=020  \\$a9788845808562
=035  \\$a(OCoLC)71225090
=040  \\$aULL$cULL$dUk
=245  00$aNumeri indici dei prezzi alla produzione dei prodotti industriali venduti sul mercato interno :$bbase 2000=100.
=260  \\$aRoma :$bISTAT,$c2004.
=300  \\$a83 p. :$c26 cm.
=336  \\$atext$2rdacontent
=337  \\$aunmediated$2rdamedia
=338  \\$avolume$2rdacarrier
=490  1\$aMetodi e norme ;$vn.22.
=500  \\$aMetodi e Norme n.22.
=650  \0$aPrices$zItaly$vStatistics.
=650  \0$aPrice indexes.
=710  2\$aIstituto centrale di statistica (Italy)
=830  \0$aMetodi e norme ;$vn.22.
=852  41$aBritish Library$bHMNTS$mSH.400/81(22)
=CAT  \\$a10926$b40$c20070216$lBLL01$h1029
=CAT  \\$aBATCH$b00$c20091217$lBLL01$h0447
=CAT  \\$aBATCH$b00$c20100103$lBLL01$h1240
=CAT  \\$aW2308-1659$c20230923$lBLL01$h1035
=FIN  \\$aY$d20070216
=SID  \\$aZ39$bOCLC
=LAS  \\$aW2308-1659$b00$c20230923$lBLL01$h1035

