=LDR  01106 as a2200349 a 4500
=001  013682746
=003  Uk
=005  20180525111125.0
=007  ta
=008  070227c20079999enkuu\p\\\\\\\0\\\a0eng\\
=040  \\$aUk$beng$cUk
=042  \\$aukblsr
=082  04$a620.0094105$223
=110  2\$aRedhall Group.
=245  10$aRedhall news :$bnewsletter for the Redhall Group plc.
=260  \\$aWakefield :$bRedhall Group
=300  \\$av. :$bcol. ill., col. ports. ;$c42 cm.
=336  \\$atext$2rdacontent
=337  \\$aunmediated$2rdamedia
=338  \\$avolume$2rdacarrier
=500  \\$aDescription based on: Jan. 2007 issue.
=610  20$aRedhall Group$vPeriodicals.
=852  11$aBritish Library$bSTI$cBIPC$kBIPC Trade Literature Collection$3January (2007)
=CAT  \\$a8124$b40$c20070227$lBLL01$h1344
=CAT  \\$a8124$b40$c20070301$lBLL01$h1143
=CAT  \\$a8962$b40$c20130225$lBLL01$h1255
=CAT  \\$aWR14_140$c20140905$lBLL01$h1814
=CAT  \\$a8871$b40$c20180525$lBLL01$h1111
=FIN  \\$aY$d20070227
=FMT  \\$a  SE
=LAS  \\$a8871$b40$c20180525$lBLL01$h1111
=TCO  \\$aCLA$bCLA$c008

