=LDR  02496 cm a22004577a 4500
=001  013682755
=003  Uk
=005  20071015161117.0
=008  010614s2000\\\\caufmz\\\bdi\\\n\\\\zxx\d
=020  \\$a0966766423 (pbk.)
=035  \\$a(OCoLC)47126652
=040  \\$aOCO$cOCO$dOCLCQ
=041  0\$eeng$geng
=043  \\$ae-uk-en
=045  \\$at0t9
=048  \\$ata01
=082  14$a780$215
=245  00$aPastime with good company :$bElizabethan songs and dances arranged for lap harp /$cby Suzanne Guldimann ; illustrated by the author.
=260  \\$aMalibu, Calif. :$bWest of the Moon Books,$cc2000.
=300  \\$a55 p. of music :$bill. ;$c28 cm.
=336  \\$anotated music$2rdacontent
=337  \\$aunmediated$2rdamedia
=338  \\$avolume$2rdacarrier
=500  \\$aFor "lap harp with a range of just two and a half octaves (from C up to G) ... The pieces can also be played on a larger harp, or on guitar, violin, flute, recorder, or any melody instrument"--P. 4.
=500  \\$aWith chord symbols.
=500  \\$aIncludes pref. and notes at head of each selection; some selections with lyrics printed for reference.
=504  \\$aIncludes index and bibliographical references.
=505  0\$aAbbots Bromley horn dance -- Aim not too high (Fortune my foe) -- All in a garden green -- Dargison -- The frog galliard -- The green man (Woodicock) -- Hey ho, nobody home -- How shall I your true love know? -- Jog on (Hanskin) -- Light o' love -- Loath to depart -- Millfield -- Pastime with good company -- Quodling's delight (Goddesses) -- Quoth John to Joan (Wolsey's wild) -- Remember, O thou man -- Row well, ye mariners -- Sellenger's round (The beginning of the world) -- The shepherd's lamentation (Come, shepherds, deck your heads) -- The Spanish pavane -- Tomorrow is Saint Valentine's Day (A soldier's life) -- Trenchmore -- We be three poor mariners -- Welladay -- What if a day -- Who liveth so merry -- The woods so wild (Greenwood).
=650  \0$aHarp music, Arranged.
=650  \0$aFolk music$zEngland.
=650  \0$aFolk dance music$zEngland.
=650  \0$aFolk songs, English$zEngland$vInstrumental settings.
=650  \0$aMusic$zEngland$y16th century.
=700  1\$aGuldimann, Suzanne.$4arr
=852  41$aBritish Library$bDSC$cMUSIC
=CAT  \\$a8870$b40$c20070227$lBLL01$h1349
=CAT  \\$a4587$b40$c20071015$lBLL01$h1611
=CAT  \\$aWR15_100$c20150913$lBLL01$h1617
=FMT  \\$a  MU
=LAS  \\$aWR15_100$b00$c20150913$lBLL01$h1617
=SID  \\$aZ39$bOCLC

