=LDR  00750 am a22002533a 4500
=001  013692461
=003  Uk
=005  20070312102935.0
=008  070312s\\\\\\\\\\\\\\\\\\\\\\\0\\\\\\\\\
=020  \\$a0028659282
=040  \\$aUk$beng$cUk
=245  \0$aEncyclopaedia Judaica.
=250  \\$a2nd ed.
=260  \\$aDetroit :$bThomson Gale,$c2007.
=336  \\$atext$2rdacontent
=337  \\$aunmediated$2rdamedia
=338  \\$avolume$2rdacarrier
=852  41$aBritish Library$bOC$xstaff reference (I. Tahan)
=CAT  \\$a9268$b40$c20070312$lBLL01$h1023
=CAT  \\$a9268$b40$c20070312$lBLL01$h1029
=CAT  \\$aOC-CORR$c20101126$lBLL01$h1022
=CAT  \\$aBATCH-UPD$b00$c20101126$lBLL01$h1037
=FMT  \\$a  BK
=LAS  \\$aBATCH-UPD$b00$c20101126$lBLL01$h1037

