=LDR  01544 am a2200433 a 4500
=001  013708563
=003  Uk
=005  20070411113318.0
=008  070403s2000\\\\enka\\\\\b\\\\100\0\eng\\
=015  \\$aGBA727236$2bnb
=016  7\$a013708563$2Uk
=020  \\$cNo price (cased)
=040  \\$aUk$beng$cUk
=042  \\$aukblsr
=082  04$a512.3$222
=245  00$aInvitation to higher local fields :$bconference in Munster, August-September 1999 /$ceditors, I. Fesenko and M. Kurihara.
=260  \\$aCoventry :$bMathematics Institute, University of Warwick,$c2000.
=300  \\$axi, 304 p. :$bill. ;$c24 cm.
=336  \\$atext$2rdacontent
=337  \\$aunmediated$2rdamedia
=338  \\$avolume$2rdacarrier
=490  1\$aGeometry & topology monographs,$x1464-8989 ;$v3
=504  \\$aIncludes bibliographical references.
=650  \0$aLocal fields (Algebra)$vCongresses.
=650  \0$aClass field theory$vCongresses.
=700  1\$aFesenko, I. B.$q(Ivan B.)
=700  1\$aKurihara, M.$q(Masato)
=710  2\$aUniversity of Warwick.$bMathematics Institute.
=830  \0$aGeometry & topology monographs,$x1464-8989 ;$v3
=852  11$aBritish Library$bSTI$i3
=CAT  \\$a12324$b40$c20070403$lBLL01$h1426
=CAT  \\$a12324$b40$c20070403$lBLL01$h1431
=CAT  \\$a11014$b40$c20070411$lBLL01$h1133
=CAT  \\$aBATCH$b00$c20091217$lBLL01$h0451
=CAT  \\$aBATCH$b00$c20100103$lBLL01$h1244
=CAT  \\$aWR16_021$c20160617$lBLL01$h1815
=FIN  \\$aY$d20070411
=FMT  \\$a  BK
=LAS  \\$aWR16_021$b00$c20160617$lBLL01$h1815

