=LDR  01362 am a2200409 a 4500
=001  013712155
=003  Uk
=005  20070417102003.0
=008  070412s2006\\\\gw\a\\\\\b\\\\001\0\ger\\
=015  \\$aGBA728025$2bnb
=016  7\$a013712155$2Uk
=020  \\$a9783527315161 (pbk.) :$cNo price
=020  \\$a3527315160 (pbk.) :$cNo price
=040  \\$aUk$beng$cUk
=042  \\$aukblsr
=082  04$a540$222
=100  1\$aHolzner, Dieter.
=245  10$aChemie für technische Assistenten in der Medizin and in der Biologie /$cDieter Holzner.
=250  \\$a5., vollständig überarbeitete und wesentlich erw. Aufl.
=260  \\$aWeinheim :$aWiley-VCH,$c2006.
=300  \\$axxxix, 670 p. :$bill. (some col.) ;$c24 cm.
=336  \\$atext$2rdacontent
=337  \\$aunmediated$2rdamedia
=338  \\$avolume$2rdacarrier
=500  \\$a"Molekularbiologie"--Cover.
=500  \\$aPrevious ed.: 2001.
=504  \\$aIncludes bibliographical references and index.
=650  \0$aChemistry.
=852  11$aBritish Library$bSTI$k(B)540
=CAT  \\$a12327$b40$c20070412$lBLL01$h0925
=CAT  \\$a11071$b40$c20070417$lBLL01$h1014
=CAT  \\$a11071$b40$c20070417$lBLL01$h1018
=CAT  \\$a11071$b40$c20070417$lBLL01$h1020
=CAT  \\$aWR16_021$c20160617$lBLL01$h1816
=FIN  \\$aY$d20070417
=FMT  \\$a  BK
=LAS  \\$aWR16_021$b00$c20160617$lBLL01$h1816

