=LDR  01819 am a2200517 a 4500
=001  013735179
=003  Uk
=005  20070509181010.0
=008  070501s2001\\\\gw\a\\\\\b\\\\001\0\ger\\
=015  \\$aGBA735889$2bnb
=016  7\$a013735179$2Uk
=020  \\$a9783433014455 (v. 1) :$cNo price
=020  \\$a3433014450 (v. 1) :$cNo price
=020  \\$a9783433014462 (v. 2) :$cNo price
=020  \\$a3433014469 (v. 2) :$cNo price
=020  \\$a9783433014479 (v. 3) :$cNo price
=020  \\$a3433014477 (v. 3) :$cNo price
=040  \\$aUk$beng$cUk
=042  \\$aukblsr
=082  04$a624.15$222
=245  00$aGrundbau-Taschenbuch /$cHerausgeber und Schriftleiter, Ulrich Smoltczyk.
=250  \\$a6. Aufl.
=260  \\$aBerlin :$bErnst & Sohn,$cc2001.
=300  \\$a3 v. :$bill. ;$c25 cm.
=336  \\$atext$2rdacontent
=337  \\$aunmediated$2rdamedia
=338  \\$avolume$2rdacarrier
=500  \\$aPrevious ed.: 1996-1997.
=504  \\$aIncludes bibliographical references and index.
=505  0\$aT. 1. Geotechnische Grundlagen -- T. 2. Geotechnische Verfahren -- T. 3. Gründungen.
=650  \0$aFoundations$vHandbooks, manuals, etc.
=650  \0$aRock mechanics$vHandbooks, manuals, etc.
=650  \0$aSoil mechanics$vHandbooks, manuals, etc.
=700  1\$aSmoltczyk, Ulrich.
=852  71$aBritish Library$bSTI$2blsrissc
=CAT  \\$a12664$b40$c20070501$lBLL01$h1136
=CAT  \\$a12664$b40$c20070501$lBLL01$h1139
=CAT  \\$a8178$b40$c20070501$lBLL01$h1202
=CAT  \\$a8178$b40$c20070501$lBLL01$h1204
=CAT  \\$a6470$b40$c20070509$lBLL01$h1804
=CAT  \\$a6470$b40$c20070509$lBLL01$h1808
=CAT  \\$a6470$b40$c20070509$lBLL01$h1810
=CAT  \\$aWR16_021$c20160617$lBLL01$h1818
=FIN  \\$aY$d20070509
=FMT  \\$a  BK
=LAS  \\$aWR16_021$b00$c20160617$lBLL01$h1818

