=LDR  01826pam a2200529 a 4500
=001  013746808
=003  Uk
=005  20071206142132.0
=008  070501s2007\\\\enka\\\\\b\\\\001\0\eng\d
=015  \\$aGBA737646$2bnb
=016  7\$a013746808$2Uk
=020  \\$a9780123741219 (hbk.) :$c£115.00
=020  \\$a0123741211 (hbk.) :$c£115.00
=020  \\$a9780123737212 (CD-ROM) :$cNo price
=020  \\$a0123737214 (CD-ROM) :$cNo price
=040  \\$aStDuBDS$beng$cStDuBDS$dUk
=042  \\$aukblcatcopy
=082  04$a573.8619352$222
=100  1\$aPaxinos, George,$d1944-
=245  14$aThe rat brain in stereotaxic coordinates /$cGeorge Paxinos, Charles Watson.
=250  \\$a6th ed.
=260  \\$aOxford :$bAcademic,$c2007.
=300  \\$a1 v. :$bchiefly col. ill. ;$c36 x 34 cm. +$e1 CD-ROM (4 3/4 in.)
=336  \\$atext$2rdacontent
=337  \\$aunmediated$2rdamedia
=338  \\$avolume$2rdacarrier
=500  \\$aPrevious ed.: Amsterdam: Elsevier Academic, 2005.
=500  \\$aIncludes CD-ROM.
=500  \\$aFormerly CIP.$5Uk
=504  \\$aIncludes bibliographical references and index.
=650  \0$aRats$xAnatomy.
=650  \0$aBrain.
=650  \0$aRats$xAnatomy$vCharts, diagrams, etc.
=650  \0$aBrain$vCharts, diagrams, etc.
=700  1\$aWatson, Charles,$d1943-
=852  71$aBritish Library$bSTI$2blrissc$3Accompanying CD-ROM at
=852  71$aBritish Library$bSTI$2blrissc
=917  \\$aPriority processing
=CAT  \\$aBATCH-CIP$b00$c20070515$lBLL01$h1701
=CAT  \\$aBATCH$b00$c20070515$lBLL01$h1703
=CAT  \\$aBATCH$b00$c20070515$lBLL01$h1709
=CAT  \\$a12271$b40$c20071204$lBLL01$h0919
=CAT  \\$a9678$b40$c20071206$lBLL01$h1421
=CAT  \\$aWR16_021$c20160617$lBLL01$h1821
=FIN  \\$aY$d20071206
=FMT  \\$a  BK
=LAS  \\$aWR16_021$b00$c20160617$lBLL01$h1821

