=LDR  01552cam a2200349 a 4500
=001  013748126
=003  Uk
=005  20070529111222.0
=008  070517s1996\\\\be\\\\\\\\\\\o000\0\eng\\
=FMT  \\$a  BK
=040  \\$aUk$beng$cUk
=042  \\$aukblsr
=082  04$a610.72094$222
=245  00$aBiomedicine and health research (Biomed 2) 1994-1998 :$binformation package.
=250  \\$aEd. 1996.
=260  \\$a[Brussels] :$bEuropean Commission,$c1996.
=300  \\$a1 folder.
=336  \\$atext$2rdacontent
=337  \\$aunmediated$2rdamedia
=338  \\$avolume$2rdacarrier
=500  \\$aTwo books entitled Biomedicine and health research (Biomed 2) 1994-1998, Information package ; Biomedicine and health research (Biomed 2) 1994-1998, Workprogramme -- one sheet entitled Information note -- one unbound booklet, Annex III, guidelines for proposal description for a concerted or shared-cost action -- one set of 18 sheets of project proposal forms -- one corrigendum sheet.
=500  \\$aTitle from folder cover.
=650  \0$aMedicine$xResearch.$zEuropean Union countries.
=650  \0$aBiology$xResearch.$zEuropean Union countries.
=710  2\$aEuropean Commission.$bDirectorate-General XII, Science, Research, and Development.
=852  71$aBritish Library$bSTI$2blsrissc
=CAT  \\$a10958$b40$c20070517$lBLL01$h1008
=CAT  \\$a5447$b40$c20070529$lBLL01$h1112
=CAT  \\$aBATCH-UPD$b40$c20211201$lBLL01$h2307
=CAT  \\$aW2308-1659$c20230923$lBLL01$h1038
=FIN  \\$aY$d20070529
=LAS  \\$aW2308-1659$b00$c20230923$lBLL01$h1038

