=LDR  01374aas a2200445 a 4500
=001  013749840
=003  Uk
=005  20120814154516.0
=007  ta
=008  070521d2007200uenkar\\\\c\\\\0\\\a0eng\\
=015  \\$aGBA823951$2bnb
=022  0\$a1754-8195$202
=040  \\$aUk$beng$cUk$dUk
=042  \\$aissnuk$aukblsr
=082  04$a658.575029$222
=222  \0$aKeepBuzz
=245  00$aKeepBuzz :$bnew product news.
=246  3\$aKeep buzz
=260  \\$aBishop's Stortford :$bKeepBuzz Ltd,$c[2007]-
=300  \\$av. :$bchiefly col. ill. ;$c28 cm. +$eCD-ROMs.
=310  \\$aAnnual
=336  \\$atext$2rdacontent
=337  \\$aunmediated$2rdamedia
=338  \\$avolume$2rdacarrier
=362  0\$a2008 ed.-
=362  1\$aCeased in 2008?
=650  \0$aNew products$vCatalogs$vPeriodicals.
=852  41$aBritish Library$bSTI$cBIPC$kBIPC Trade Literature Collection$32008
=CAT  \\$a6537$b40$c20070521$lBLL01$h0820
=CAT  \\$a6537$b40$c20070619$lBLL01$h1518
=CAT  \\$a11313$b40$c20071231$lBLL01$h1357
=CAT  \\$a11313$b40$c20071231$lBLL01$h1401
=CAT  \\$a8323$b40$c20080229$lBLL01$h0851
=CAT  \\$a7792$b40$c20120814$lBLL01$h1531
=CAT  \\$a7792$b40$c20120814$lBLL01$h1545
=CAT  \\$aWR14_140$c20140905$lBLL01$h1815
=FIN  \\$aY$d20071231
=FMT  \\$a  SE
=LAS  \\$aWR14_140$b00$c20140905$lBLL01$h1815
=TCO  \\$aCLA$bCLA$c008

