=LDR  01734cas a2200457 a 4500
=001  013764899
=003  Uk
=005  20151119134727.0
=007  ta
=008  070608c200u9999enkfr\p\\\\\\\0\\\a0eng\\
=FMT  \\$a  SE
=040  \\$aUk$beng$cUk$dUk
=042  \\$aukblsr
=082  04$a338.16094105$222
=130  0\$aViewpoint (Gainsborough, England)
=245  10$aViewpoint /$cGleadell Agriculture.
=260  \\$aGainsborough :$bGleadell Agriculture
=300  \\$av. :$bill. (some col.), ports. (some col.) ;$c30 cm.
=310  \\$aSemiannual
=336  \\$atext$2rdacontent
=337  \\$aunmediated$2rdamedia
=338  \\$avolume$2rdacarrier
=362  0\$a- vol. 13, issue 1 (spring 2015) ; series 2, issue 1 (autumn 2015)-
=500  \\$aDescription based on: vol. 5, issue 1 (spr. 2005).
=588  \\$aLatest issue consulted: Series 2, issue 1 (autumn 2015).
=515  \\$aNumbering begins again with series 2, issue 1 in autumn 2015.
=610  20$aGleadell Agriculture (Firm)$vPeriodicals.
=650  \0$aAgricultural productivity$zGreat Britain$vPeriodicals.
=650  \0$aAgriculture$xEconomic aspects$zGreat Britain$vPeriodicals.
=690  7\$aManagement and Business Studies$2blcoll
=710  2\$aGleadell Agriculture (Firm)
=852  11$aBritish Library$bSTI$cBIPC$kBIPC Trade Literature Collection$3Vol. 5, Issue 1 (2007)-
=CAT  \\$a11315$b40$c20070608$lBLL01$h1430
=CAT  \\$a10743$b40$c20070611$lBLL01$h1252
=CAT  \\$aWR14_140$c20140905$lBLL01$h1815
=CAT  \\$a8124$b40$c20151119$lBLL01$h1345
=CAT  \\$a8124$b40$c20151119$lBLL01$h1347
=CAT  \\$aBATCH-MBS$c20161028$lBLL01$h2114
=FIN  \\$aY$d20070608
=TCO  \\$aCLA$bCLA$c008
=LAS  \\$aBATCH-MBS$b00$c20161028$lBLL01$h2114

