=LDR  01856 am a2200481 a 4500
=001  013766366
=003  Uk
=005  20070613084237.0
=008  950714r19951988paua\\\\\b\\\\001\0\eng\\
=010  \\$a   95033340 
=015  \\$aGBA746197$2bnb
=016  7\$a013766366$2Uk
=020  \\$a0898713544 (pbk.) :$cNo price
=040  \\$aDLC$cDLC$dDLC$dUk
=042  \\$aukblcatcopy
=050  00$aQA379$b.A83 1995
=082  00$a515.352$220
=100  10$aAscher, U. M.$q(Uri M.),$d1946-
=245  10$aNumerical solution of boundary value problems for ordinary differential equations /$cUri M. Ascher, Robert M.M. Mattheij, Robert D. Russell.
=260  \\$aPhiladelphia, Pa. :$bSociety for Industrial and Applied Mathematics,$cc1995.
=300  \\$axxvii, 595 p. :$bill. ;$c26 cm.
=336  \\$atext$2rdacontent
=337  \\$aunmediated$2rdamedia
=338  \\$avolume$2rdacarrier
=490  1\$aClassics in applied mathematics ;$v13
=500  \\$aOriginally published: Englewood Cliffs, N.J. : Prentice-Hall, 1988. (Prentice Hall series in computational mathematics).
=504  \\$aIncludes bibliographical references (p. 534-585) and index.
=650  \0$aBoundary value problems$xNumerical solutions.
=700  1\$aMattheij, Robert M. M.
=700  1\$aRussell, R. D.$q(Robert D.),$d1945-
=830  \0$aClassics in applied mathematics ;$v13.
=852  71$aBritish Library$bSTI$2blsrissc
=CAT  \\$a6524$b40$c20070612$lBLL01$h1125
=CAT  \\$a6524$b40$c20070612$lBLL01$h1128
=CAT  \\$a10883$b40$c20070613$lBLL01$h0842
=CAT  \\$aBATCH$b00$c20091217$lBLL01$h0457
=CAT  \\$aBATCH$b00$c20100103$lBLL01$h1250
=CAT  \\$aWR16_021$c20160617$lBLL01$h1825
=CAT  \\$aBATCH-UPD$b00$c20160617$lBLL01$h2049
=FIN  \\$aY$d20070613
=FMT  \\$a  BK
=LAS  \\$aBATCH-UPD$b00$c20160617$lBLL01$h2049
=SRC  \\$aBLL02$bpart.2.as

