=LDR  01197 cm a22003493i 4500
=001  013781464
=003  Uk
=005  20070629113905.0
=008  070628t20032003gw\||m||||||||||||||||||d
=028  30$aCV 50651-00$bCarus
=028  30$aCV 50651
=035  \\$a(GyWOH)har055025965
=040  \\$aGyWOH$beng$cGyWOH
=082  14$a780$215
=100  1\$aKraus, Joseph Martin,$d1756-1792.
=245  10$aStreichquartett in f, VB 178 :$b2 Violini, Viola, Violoncello /$cJoseph Martin Kraus ; Herausgeber: Internationale Joseph-Martin-Kraus-Gesellschaft.
=250  \\$aErstausg.
=260  \\$aStuttgart :$bCarus,$c2003, c2003.
=300  \\$a1 score (9 p.) + 4 parts (3 p. each) ;$c30 cm.
=336  \\$anotated music$2rdacontent
=337  \\$aunmediated$2rdamedia
=338  \\$avolume$2rdacarrier
=500  \\$aCover title.
=500  \\$aFirst edition.
=500  \\$aPreprint from his Musikalische Werke, Band I.
=852  41$aBritish Library$bDSC$cMUSIC
=CAT  \\$aBATCH-HARR$b00$c20070629$lBLL01$h1139
=CAT  \\$aBATCH$b00$c20070629$lBLL01$h1140
=CAT  \\$aWR15_100$c20150913$lBLL01$h1618
=FMT  \\$a  MU
=LAS  \\$aWR15_100$b00$c20150913$lBLL01$h1618
=SRC  \\$aHarrassowitz - Supplier

