=LDR  02279caa a22005657a 4500
=001  013785904
=003  Uk
=005  20221231213845.0
=008  070705s2007\\\\ja\\\\\\\\\\\\100\0\jpn\\
=FMT  \\$a  BK
=040  \\$aUk$beng$cUk
=041  0\$ajpn$beng
=CNF  \\$aTokyo Dental College Society (Meeting)$n(283rd :$d2007)
=245  00$aAbstracts of papers presented at 283rd meeting of Tokyo Dental College Society.
=260  \\$bTokyo Dental College Society,$c2007.
=300  \\$ap. 213-240.
=336  \\$atext$2rdacontent
=337  \\$aunmediated$2rdamedia
=338  \\$avolume$2rdacarrier
=591  \\$aAbstracts.
=546  \\$aText in Japanese.
=540  \\$aCurrent Copyright Fee: GBP25.00$c0$5Uk
=653  1\$aDental
=710  2\$aTokyo Dental College Society.
=852  41$aBritish Library$bDSC$m4908.920000$iv. 107 pt. 2
=945  \\$aJournal- Tokyo Dental College Society, ISSN 0037-3710 ; vol 107 no 2 2007
=CAT  \\$a6019$b40$c20070705$lBLL01$h1203
=CAT  \\$a6019$b40$c20070705$lBLL01$h1204
=CAT  \\$a6933$b40$c20070706$lBLL01$h1420
=CAT  \\$aBATCH-CLA$b00$c20140102$lBLL01$h0318
=CAT  \\$aBATCH-CLA$b00$c20161222$lBLL01$h1814
=CAT  \\$aIPL-CLA$c20161230$lBLL01$h2218
=CAT  \\$aBATCH-CLA$b00$c20171222$lBLL01$h2137
=CAT  \\$aIPL-CLA$c20171231$lBLL01$h1707
=CAT  \\$aBATCH-CLA$b00$c20191219$lBLL01$h1739
=CAT  \\$aIPL-CLA$c20191231$lBLL01$h1946
=CAT  \\$aR2001-1524$c20200127$lBLL01$h2023
=CAT  \\$aBATCH-CLA$b00$c20201204$lBLL01$h1543
=CAT  \\$aIPL-CLA$c20201231$lBLL01$h2222
=CAT  \\$aBATCH-CLA$b00$c20221221$lBLL01$h1853
=CAT  \\$aIPL-CLA$c20221231$lBLL01$h2138
=CFI  0\$aCurrent Copyright Fee: GBP25.00$c0$e01-jan-2023$fGBP25.00$g0$hA$5Uk
=CFI  2\$aPrevious Copyright Fee: GBP22.50$c0$e01-jan-2021$fGBP22.50$g0$hA$5Uk
=FIN  \\$aY$d20070705
=TCO  \\$aJPN$bJAACC$c008
=ACF  \\$aPrevious Copyright Fee: GBP12.30$c0$e01-jan-2014$fGBP12.30$g0$hA$5Uk
=ACF  \\$aPrevious Copyright Fee: GBP15.00$c0$e01-jan-2017$fGBP15.00$g0$hA$5Uk
=ACF  \\$aPrevious Copyright Fee: GBP17.50$c0$e01-jan-2018$fGBP17.50$g0$hA$5Uk
=ACF  \\$aPrevious Copyright Fee: GBP20.00$c0$e01-jan-2020$fGBP20.00$g0$hA$5Uk
=LAS  \\$aIPL-CLA$b00$c20221231$lBLL01$h2138

