=LDR  00689 cm a22002413a 4500
=001  013802347
=003  Uk
=005  20070726155054.0
=008  070726s2007\\\\\\\||\\|\||||||\\\|\\\\\\
=082  14$a780$215
=100  1\$aAlwyn, William,$d1905-1985.
=245  10$aString quartet no. 3
=260  \\$bBoosey & Hawkes
=300  \\$a1 score + parts
=336  \\$anotated music$2rdacontent
=337  \\$aunmediated$2rdamedia
=338  \\$avolume$2rdacarrier
=852  41$aBritish Library$bDSC$cMUSIC
=CAT  \\$a8870$b40$c20070726$lBLL01$h1549
=CAT  \\$a8870$b40$c20070726$lBLL01$h1550
=CAT  \\$aWR15_100$c20150913$lBLL01$h1618
=FMT  \\$a  MU
=LAS  \\$aWR15_100$b00$c20150913$lBLL01$h1618

