=LDR  00836 as a22002417a 4500
=001  013802559
=003  Uk
=005  20090106133921.0
=007  ta
=008  070727c19uu9999gw\uu\m\\\\\\\0\\\a0ger\\
=040  \\$aUk$beng$cUk
=245  00$aSchriftenreihe des Berliner Landesbeauftragten fur die Unterlagen des Staatssicherheitsdienstes der ehemaligen DDR.
=260  \\$aBerlin :$bBerliner Landesbeauftragte fur die Unterlagen des Staatssicherheitsdienstes der ehemaligen DDR.
=300  \\$av.
=336  \\$atext$2rdacontent
=337  \\$aunmediated$2rdamedia
=338  \\$avolume$2rdacarrier
=852  41$8020$3GERMANY$aBritish Library$bHMNTS$3Band 17(2003)
=CAT  \\$a10926$b40$c20070727$lBLL01$h0934
=CAT  \\$a12611$b40$c20090106$lBLL01$h1339
=FMT  \\$a  SE
=LAS  \\$a12611$b40$c20090106$lBLL01$h1339
=TCO  \\$aDEU$bVG WORT$c008

