=LDR  01405 am a22003857a 4500
=001  013806961
=003  Uk
=005  20070801151022.0
=006  m\\\\|\\\d\|\\\\\\
=007  co\|g|||||||||
=008  070801s2006\\\\xxu|||||s|||||10|\0\eng\\
=040  \\$aUk$beng$cUk
=245  00$aInternational oil & gas conference and exhibition in China$h[electronic resource].
=260  \\$aRichardson, Tex. :$bSPE International,$cc2006.
=300  \\$a1 CD-ROM ;$c4 3/4 in.
=336  \\$atext$2rdacontent
=337  \\$acomputer$2rdamedia
=338  \\$acomputer disc$2rdacarrier
=500  \\$aTitle from title screen.
=516  \\$aPDF format.
=538  \\$aSystem requirements: IBM compatible PC; Adobe Acrobat Reader.
=591  \\$aPapers. Described as proceedings. Held on CD-ROM.
=595  \\$aShelved in Conference Index.
=653  1\$aOil
=653  1\$aGas
=710  2\$aSociety of Petroleum Engineers of AIME.
=710  2\$aZhongguo shi you xue hui (Beijing, China)
=852  41$aBritish Library$bDSC$m4544.660000V$i2006
=945  \\$aInternational oil and gas conference and exhibition in China -CD-ROM edition- ; 2006
=CAT  \\$a11245$b40$c20070801$lBLL01$h1424
=CAT  \\$a11245$b40$c20070801$lBLL01$h1510
=CNF  \\$aInternational oil & gas conference and exhibition in China$d(2006 Dec :$cBeijing)
=FIN  \\$aY$d20070801
=FMT  \\$a  BK
=LAS  \\$a11245$b40$c20070801$lBLL01$h1510

