=LDR  01781pam a2200505 a 4500
=001  015296375
=003  Uk
=005  20091013105315.0
=008  090617s2009\\\\nyua\\\\\b\\\\001\0\eng\d
=015  \\$aGBA961449$2bnb
=016  7\$a015296375$2Uk
=020  \\$a9780071632324 (pbk.) :$c£48.99
=020  \\$a0071632328 (pbk.) :$c£48.99
=040  \\$aStDuBDS$beng$cStDuBDS$dUk
=042  \\$aukblsr
=082  04$a617.71$222
=245  00$aOculoplasty and reconstructive surgery /$ceditors, Jes Mortensen , Essam El Toukhy, Ranjit S. Dhaliwal ; foreword Mark R. Levine.
=260  \\$aNew York :$bMcGraw-Hill Medical,$c2009.
=300  \\$axvi, 336 p. :$bill. (chiefly col.) ;$c24 cm.
=336  \\$atext$2rdacontent
=337  \\$aunmediated$2rdamedia
=338  \\$avolume$2rdacarrier
=490  0\$aInstant clinical diagnosis in ophthalmology
=500  \\$aFormerly CIP.$5Uk
=504  \\$aIncludes bibliographical references and index.
=650  \0$aOphthalmic plastic surgery.
=650  \0$aOphthalmology.
=650  \0$aEye$xDiseases$xDiagnosis.
=700  1\$aMortensen, Jes.
=700  1\$aEl Toukhy, Essam.
=700  1\$aDhaliwal, Ranjit S.,$cMD.
=852  11$aBritish Library$bDSC$k(B)$h617.71
=CAT  \\$aBATCH-CIPN$b00$c20090623$lBLL01$h1700
=CAT  \\$aBATCH$b00$c20090623$lBLL01$h1701
=CAT  \\$aBATCH$b00$c20090623$lBLL01$h1704
=CAT  \\$a11029$b40$c20091008$lBLL01$h0845
=CAT  \\$a7034$b40$c20091009$lBLL01$h1217
=CAT  \\$a7034$b40$c20091009$lBLL01$h1219
=CAT  \\$a7034$b40$c20091009$lBLL01$h1221
=CAT  \\$a7034$b40$c20091009$lBLL01$h1224
=CAT  \\$a5194$b40$c20091013$lBLL01$h1053
=CAT  \\$aWR16_021$c20160624$lBLL01$h1824
=FIN  \\$aY$d20091009
=FMT  \\$a  BK
=LAS  \\$aWR16_021$b00$c20160624$lBLL01$h1824

