=LDR  01755pam a2200493 a 4500
=001  015296376
=003  Uk
=005  20091013110533.0
=008  090617s2009\\\\nyua\\\\\b\\\\001\0\eng\d
=015  \\$aGBA961450$2bnb
=016  7\$a015296376$2Uk
=020  \\$a9780071632331 (pbk.) :$c£48.99
=020  \\$a0071632336 (pbk.) :$c£48.99
=040  \\$aStDuBDS$beng$cStDuBDS$dUk
=042  \\$aukblsr
=082  04$a617.735$222
=245  00$aRetina and vitreous /$ceditors, Jose Maria Ruiz Moreno, T. Mark Johnson ; foreword Marta S. De Figueroa.
=260  \\$aNew York :$bMcGraw-Hill Medical,$c2009.
=300  \\$axviii, 397 p. :$bill. (chiefly col.) ;$c24 cm.
=336  \\$atext$2rdacontent
=337  \\$aunmediated$2rdamedia
=338  \\$avolume$2rdacarrier
=490  0\$aInstant clinical diagnosis in ophthalmology
=500  \\$aFormerly CIP.$5Uk
=504  \\$aIncludes bibliographical references and index.
=650  \0$aRetina$xDiseases.
=650  \0$aVitreous body$xDiseases.
=650  \0$aRetina$xDiseases$xDiagnosis.
=650  \0$aVitreous body$xDiseases$xDiagnosis.
=650  \0$aRetina$xDiseases$xTreatment.
=650  \0$aVitreous body$xDiseases$xTreatment.
=700  1\$aRuiz Moreno, Jose Maria.
=700  1\$aJohnson, T. Mark$q(Thomas Mark),$d1969-
=852  11$aBritish Library$bSTI$k(B)617.735
=CAT  \\$aBATCH-CIPN$b00$c20090623$lBLL01$h1700
=CAT  \\$aBATCH$b00$c20090623$lBLL01$h1701
=CAT  \\$aBATCH$b00$c20090623$lBLL01$h1704
=CAT  \\$a11029$b40$c20091008$lBLL01$h0840
=CAT  \\$a7034$b40$c20091009$lBLL01$h1233
=CAT  \\$a5194$b40$c20091013$lBLL01$h1105
=CAT  \\$aWR16_021$c20160624$lBLL01$h1824
=FIN  \\$aY$d20091009
=FMT  \\$a  BK
=LAS  \\$aWR16_021$b00$c20160624$lBLL01$h1824

