=LDR  01761aam a2200505 a 4500
=001  015308387
=003  Uk
=005  20091112212842.0
=008  090609s2009\\\\enka\\\\\b\\\\001\0\eng\\
=010  \\$a2009023529  
=015  \\$aGBA967996$2bnb
=016  7\$a015308387$2Uk
=020  \\$a9780521815987 (hbk.) :$c£70.00
=020  \\$a0521815983 (hbk.) :$c£70.00
=040  \\$aStDuBDS$beng$cStDuBDS$dUk
=042  \\$aukblsr
=050  00$aQC176.8.E4$bK867 2009
=082  00$a530.411015118$222
=100  10$aKuramoto, Y.$q(Yoshio)
=245  10$aDynamics of one-dimensional quantum systems :$binverse-square interaction models /$cYoshio Kuramoto, Yusuke Kato.
=260  \\$aCambridge :$bCambridge University Press,$c2009.
=300  \\$axii, 474 p. :$bill. ;$c26 cm.
=336  \\$atext$2rdacontent
=337  \\$aunmediated$2rdamedia
=338  \\$avolume$2rdacarrier
=500  \\$aFormerly CIP.$5Uk
=504  \\$aIncludes bibliographical references and indexes.
=650  \0$aElectronic structure$xMathematical models.
=650  \0$aMatrix inversion.
=650  \0$aMany-body problem.
=700  1\$aKato, Y.$q(Yūsuke),$d1929-
=852  11$aBritish Library$bSTI$k530.411015118
=BUF  \\$aN$d20090817
=CAT  \\$aBATCH-CIPN$b00$c20090707$lBLL01$h1701
=CAT  \\$aBATCH$b00$c20090707$lBLL01$h1701
=CAT  \\$aBATCH$b00$c20090707$lBLL01$h1705
=CAT  \\$aBATCH-UPD$b00$c20090707$lBLL01$h1744
=CAT  \\$a11012$b40$c20090817$lBLL01$h0903
=CAT  \\$aBATCH-BUOC$b00$c20091112$lBLL01$h2128
=CAT  \\$aBATCH$b00$c20091112$lBLL01$h2128
=CAT  \\$aWR16_021$c20160624$lBLL01$h1827
=CAT  \\$aBATCH-UPD$b00$c20160624$lBLL01$h2123
=FIN  \\$aY$d20090817
=FMT  \\$a  BK
=LAS  \\$aBATCH-UPD$b00$c20160624$lBLL01$h2123

