=LDR  01653 aa a22003973a 4500
=001  015330372
=003  Uk
=005  20090720150613.0
=008  910913s1713\\\\ne\\\\\\\\\\\\000\0\heb\d
=040  \\$aJHU$cJHU$dOCLCG$dUk
=042  \\$aukblsr
=100  1\$6880-01$aAshkenazi, Ẓevi Hirsch ben Jacob,$d-1718
=245  10$6880-02$aLe-ʿene kol Yiʹsraʾel.
=260  \\$a[Amsterdam],$c[1713]
=336  \\$atext$2rdacontent
=337  \\$aunmediated$2rdamedia
=338  \\$avolume$2rdacarrier
=600  10$6880-03.$aḤayon, Nehemiah Ḥiyya ben Moses,$d-approximately 1730
=752  \\$aNetherlands$dAmsterdam
=852  41$aBritish Library$bOC$m1982.f.17.(1)
=880  1\$6100-01$aאשכנזי, צבי הירש בן יעקב,$d1658-1718.
=880  10$6245-02$aלעיני כל ישראל :$bעל דברת ספר כתב איש ריב (חיי' חיון שמו) על ה' ועל תורתו.
=880  \\$6260-00$a[אמשטרדם :$bחמו"ל,$cתע"ג].
=880  \\$6300-00$a[2] ד' ;$c24 ס"מ.
=880  \\$6500-00$aבראש הספר: זה לשון הפסק שכתב אדונינו מוהר"ר צבי הירש אב"ד ור"מ בק"ק אמשטרדם.
=880  \\$6500-00$aאודות שבתאותו של נחמיה חיון.
=880  10$6600-03$aחיון, נחמיה חיא בן משה.
=985  \\$aRecord amended for WR# 13/070
=CAT  \\$a11837$b40$c20090720$lBLL01$h1505
=CAT  \\$a11837$b40$c20090720$lBLL01$h1506
=CAT  \\$aWR13_070$b00$c20130504$lBLL01$h0319
=CAT  \\$aBATCH-UPD$b00$c20130506$lBLL01$h1233
=FIN  \\$aY$d20090720
=FMT  \\$a  BK
=LAS  \\$aBATCH-UPD$b00$c20130506$lBLL01$h1233
=SID  \\$aZ39$bOCLC

