=LDR  01735 am a2200469 a 4500
=001  015338491
=003  Uk
=005  20120917150206.0
=008  090729m20089999enk\\\\\\\\\\|0|0\0|eng\\
=015  \\$aGBB0C7014$2bnb
=016  7\$a015338491$2Uk
=020  \\$a9781847269515 (pt. 1 : pbk.)
=040  \\$aUk$beng$cUk
=042  \\$aukblsr
=082  04$a304.6$222
=110  1\$aGreat Britain.$bGeneral Register Office.
=245  10$aGeneral Register Office : the official list for 2008 :$bpublished by the authority of the Registrar General pursuant to section 73(2) of the Marriage Act, 1949.
=246  13$aOfficial list for 2008
=260  \\$a[London?] :$bGeneral Register Office,$cc2008-
=300  \\$av. ;$c30 cm.
=336  \\$atext$2rdacontent
=337  \\$aunmediated$2rdamedia
=338  \\$avolume$2rdacarrier
=505  1\$apt. 1. List of registration officers, etc. (corrected to 1 April 2008).
=610  10$aGreat Britain.$bGeneral Register Office$xOfficials and employees.
=690  7\$aSocial Welfare$2blcoll
=852  41$aBritish Library$bHMNTS$ipt. 1
=CAT  \\$a11029$b40$c20090729$lBLL01$h1524
=CAT  \\$a11029$b40$c20090729$lBLL01$h1529
=CAT  \\$a11029$b40$c20090729$lBLL01$h1531
=CAT  \\$a11029$b40$c20090729$lBLL01$h1547
=CAT  \\$a6989$b40$c20101025$lBLL01$h1550
=CAT  \\$a6989$b40$c20101025$lBLL01$h1551
=CAT  \\$a6989$b40$c20101025$lBLL01$h1552
=CAT  \\$a6989$b40$c20101025$lBLL01$h1554
=CAT  \\$a6989$b40$c20101026$lBLL01$h1146
=CAT  \\$a6989$b40$c20120917$lBLL01$h1502
=CAT  \\$aWR16_021$c20160624$lBLL01$h1830
=CAT  \\$aBATCH-SWP$c20160701$lBLL01$h2223
=FIN  \\$aY$d20101025
=FMT  \\$a  BK
=LAS  \\$aBATCH-SWP$b00$c20160701$lBLL01$h2223

