=LDR  02048 am a2200529 a 4500
=001  015358715
=003  Uk
=005  20101027094827.0
=008  100511m20099999ie\ab\\\\b\\\\001\0\eng\c
=015  \\$aGBB062066$2bnb
=016  7\$a015358715$2Uk
=020  \\$a9780755776238 (v. 1)
=020  \\$a0755776232 (v. 1)
=035  \\$a(IeDuTC)b141495303
=040  \\$aIeDuTC$beng$cIeDuTC$dUk
=042  \\$aukscp
=082  04$a941.96$222
=245  00$aArchaeological inventory of County Kerry /$ccompiled by Elizabeth Byrne ... [et al.].
=260  \\$aDublin :$bStationery Office,$c2009-
=300  \\$av. :$bill. (some col.), maps ;$c31 cm.
=336  \\$atext$2rdacontent
=337  \\$aunmediated$2rdamedia
=338  \\$avolume$2rdacarrier
=500  \\$aOn cover: Environment, Heritage and Local Government / Archaeological Survey of Ireland.
=504  \\$aIncludes bibliographical references and indexes.
=505  1\$av. 1. South-west Kerry, comprising the Baronies of Dunkerron North, Dunkerron South, Glanarought and Iveragh.
=650  \0$aExcavations (Archaeology)$zIreland$zKerry$vRegisters.
=651  \0$aKerry (Ireland)$xAntiquities$vRegisters.
=700  1\$aByrne, Elizabeth.
=710  1\$aIreland.$bDepartment of the Environment, Heritage and Local Government.
=710  2\$aArchaeological Survey of Ireland.
=852  41$aBritish Library$bHMNTS$ivol. 1
=985  \\$aLDL record matched & merged
=985  \\$aRecord amended for WR# 13/070
=CAT  \\$a11384$b40$c20090826$lBLL01$h1414
=CAT  \\$a11384$b40$c20090826$lBLL01$h1418
=CAT  \\$aBATCH-LDLE$b00$c20100517$lBLL01$h2052
=CAT  \\$aBATCH$b00$c20100517$lBLL01$h2052
=CAT  \\$aBATCH-LDLL$b00$c20100517$lBLL01$h2053
=CAT  \\$a6989$b40$c20101026$lBLL01$h1757
=CAT  \\$a6989$b40$c20101027$lBLL01$h0948
=CAT  \\$aWR13_070$b00$c20130504$lBLL01$h0319
=CAT  \\$aWR13_070C$c20130611$lBLL01$h1856
=CAT  \\$aWR16_021$c20160625$lBLL01$h1805
=FIN  \\$aY$d20101026
=FMT  \\$a  BK
=LAS  \\$aWR16_021$b00$c20160625$lBLL01$h1805

