=LDR  01547 am a2200361 a 4500
=001  015372751
=003  Uk
=005  20090917161042.0
=008  020127s1874\\\\ii\\\\\\\\\\\\000\p\tamrd
=035  \\$a(OCoLC)48874818
=040  \\$aCGU$cCGU$dUk
=042  \\$aukblsr
=100  1\$aCin̲n̲attampi Aiyar, Pālakkāṭṭuccēri Koppam.
=245  10$aNālu mantiri kummi /$cPālakkāṭṭuccēri-Koppam Cin̲n̲attampi Aiyaravarkaḷ iyar̲r̲iyatu ; ik̲atu Tirukkoṭantai Maṇavāḷaiyaṅkārāl paricōtittu ... patippikkappaṭṭatu.
=260  \\$aTirunelvēli :$bI. A. Cu. Mān̲ēntiyappiḷḷai,$c1874$f(Sukavirañcani Muttirākṣaracālai)
=300  \\$a48 p. ;$c14 cm.
=336  \\$atext$2rdacontent
=337  \\$aunmediated$2rdamedia
=338  \\$avolume$2rdacarrier
=500  \\$aKummi poem of 242 stanzas, based on an old Hindu romance being the tale of a king called Aḻakēcan̲ and his four ministers ; edited by Tirukkoṭantai Maṇavāḷaiyaṅkār.
=650  \0$aTamil poetry$yTo 1800.
=700  1\$aMaṇavāḷaiyaṅkār, Tirukkoṭantai.
=852  41$aBritish Library$bOC$ppTam.A.880
=CAT  \\$a8803$b40$c20090916$lBLL01$h1550
=CAT  \\$a8803$b40$c20090916$lBLL01$h1554
=CAT  \\$a8803$b40$c20090917$lBLL01$h1603
=CAT  \\$a8803$b40$c20090917$lBLL01$h1610
=CAT  \\$aBATCH-UPD$b40$c20091126$lBLL01$h2053
=CAT  \\$aBATCH-UPD$b40$c20140404$lBLL01$h2133
=FIN  \\$aY$d20090916
=FMT  \\$a  BK
=LAS  \\$aBATCH-UPD$b40$c20140404$lBLL01$h2133
=SID  \\$aZ39$bOCLC

