=LDR  01415 am a2200397 a 4500
=001  015374421
=003  Uk
=005  20090925150129.0
=008  090921s2009\\\\gw\a\\\\\b\\\\000\0\eng\\
=020  \\$a9783183322183 (pbk.)
=040  \\$aUk$beng$cUk
=041  0\$aeng$bger
=042  \\$aukblsr
=082  04$a620.176$222
=100  1\$aXu, Yangjiang.
=245  10$aComputational analysis of fretting fatigue /$cYangjian Xu.
=260  \\$aDüsseldorf :$bVDI Verlag,$c2009.
=300  \\$axi, 114 p. :$bill. ;$c21 cm.
=336  \\$atext$2rdacontent
=337  \\$aunmediated$2rdamedia
=338  \\$avolume$2rdacarrier
=490  0\$aFortschritt-berichte VDI. Reihe 18, Mechanik/Bruchmechanik,$x0178-9457 ;$vNr. 322
=500  \\$aOriginally presented as the author's thesis-- University of Wuppertal, 2009.
=504  \\$aIncludes bibliographical references.
=546  \\$aText in English with an abstract also in German.
=650  \0$aFretting corrosion.
=650  \0$aMetals$xFatigue.
=650  \0$aFinite element method$xData processing.
=852  71$aBritish Library$bHMNTS$k(P)$hSD 40$m-G(1)$iNr. 322$2blsrissc
=985  \\$a100 not NACO. Please change LCSH if incorrect! Antony
=CAT  \\$a6098$b40$c20090921$lBLL01$h1408
=CAT  \\$a8980$b40$c20090924$lBLL01$h1508
=CAT  \\$a8980$b40$c20090925$lBLL01$h1501
=FIN  \\$aY$d20090924
=FMT  \\$a  BK
=LAS  \\$a8980$b40$c20090925$lBLL01$h1501

