=LDR  01959pam a2200553 a 4500
=001  015381090
=003  Uk
=005  20101112105548.0
=008  090918s2009\\\\meuab\\\d\\\\\000\0\eng\d
=015  \\$aGBA994999$2bnb
=016  7\$a015381090$2Uk
=020  \\$a9781408430590 (Windsor : hbk.) :$c£18.99
=020  \\$a1408430592 (Windsor : hbk.) :$c£18.99
=020  \\$a9781408430606 (Paragon : pbk.)
=020  \\$a9781410415899 (U.S. : hbk.)
=020  \\$a1410415899 (U.S. : hbk.)
=040  \\$aStDuBDS$beng$cStDuBDS$dUk
=042  \\$aukblcatcopy
=082  04$a618.92858820092$222
=100  10$aIsaacson, Rupert.
=245  14$aThe horse boy :$ba father's quest to heal his son /$cRupert Isaacson.
=250  \\$aLarge print ed.
=260  \\$aWaterville, Me. :$bThorndike/Windsor/Paragon,$c2009.
=300  \\$a553 p., [16] p. of plates (large print) :$bill., maps ;$c23 cm.
=336  \\$atext$2rdacontent
=337  \\$aunmediated$2rdamedia
=338  \\$avolume$2rdacarrier
=500  \\$aOriginally published: London: Viking.
=500  \\$aFormerly CIP.$5Uk
=600  10$aIsaacson, Rupert.
=600  10$aIsaacson, Rowan.
=650  \0$aAutistic children$zUnited States$vBiography.
=650  \0$aParents of autistic children$zUnited States$vBiography.
=650  \0$aHorses$xTherapeutic use.
=650  \0$aHuman-animal relationships.
=650  \0$aFathers and sons.
=650  \0$aLarge type books.
=852  11$aBritish Library$bHMNTS$kLT.2010.x.3761
=CAT  \\$aBATCH-CIPN$b00$c20090929$lBLL01$h1700
=CAT  \\$aBATCH$b00$c20090929$lBLL01$h1701
=CAT  \\$aBATCH$b00$c20090929$lBLL01$h1705
=CAT  \\$a6524$b40$c20100204$lBLL01$h1104
=CAT  \\$a6524$b40$c20100204$lBLL01$h1108
=CAT  \\$a10812$b40$c20101112$lBLL01$h1055
=CAT  \\$aWR16_021$c20160625$lBLL01$h1810
=CAT  \\$aBATCH-UPD$b00$c20160625$lBLL01$h1915
=FIN  \\$aY$d20101112
=FMT  \\$a  BK
=LAS  \\$aBATCH-UPD$b00$c20160625$lBLL01$h1915

