=LDR  00904 aa a22003137a 4500
=001  015383130
=003  Uk
=005  20091002113420.0
=008  091002s2009\\\\xxu\\\\\\\\\\\100\0\eng\\
=040  \\$aUk$beng$cUk
=245  00$aByron Society of America :$bsessions.
=260  \\$bByron Society,$c2009.
=300  \\$ap. 60-62.
=336  \\$atext$2rdacontent
=337  \\$aunmediated$2rdamedia
=338  \\$avolume$2rdacarrier
=591  \\$aReport.
=653  1\$aByron
=653  1\$aBSA
=653  1\$aMLA
=710  2\$aByron Society of America.
=852  41$aBritish Library$bDSC$m2941.55000$iv. 37 no. 1
=945  \\$aByron journal, ISSN 0301-7257 ; vol 37 no 1 2009
=CAT  \\$a6019$b40$c20091002$lBLL01$h1022
=CAT  \\$a6019$b40$c20091002$lBLL01$h1134
=CNF  \\$aMLA convention$d(2008 Dec :$cVenice, Italy)
=FIN  \\$aY$d20091002
=FMT  \\$a  BK
=LAS  \\$a6019$b40$c20091002$lBLL01$h1134

