=LDR  01417 am a2200373 a 4500
=001  015403738
=003  Uk
=005  20100112155041.0
=008  091028s2009\\\\gw\a\\\\\b\\\\000\0\ger\\
=020  \\$a9783764005214 (pbk.)
=040  \\$aUk$beng$cUk
=042  \\$aukblsr
=082  04$a620.1362$222
=100  1\$aBokern, Jürgen.
=245  10$aBetonprüfungen zur Beurteilung einer Alkali-Kieselsäure-Reaktion :$bAuswirkungen der klimatischen Bedingungen auf die Übertragbarkeit von Prüfergebnissen /$cJürgen Bokern.
=260  \\$aDüsseldorf :$bVerlag Bau + Technik,$cc2009.
=300  \\$a202 p. :$bill. ;$c21 cm.
=336  \\$atext$2rdacontent
=337  \\$aunmediated$2rdamedia
=338  \\$avolume$2rdacarrier
=490  0\$aSchriftenreihe der Zementindustrie ;$vHeft 74
=500  \\$aOriginally presented as the author's thesis--Technische Universität Braunschweig, 2008.
=504  \\$aIncludes bibliographical references.
=650  \0$aAlkali-aggregate reactions.
=650  \0$aConcrete$xTesting.
=650  \0$aConcrete$xDeterioration.
=710  2\$aVerein Deutscher Zementwerke.
=852  71$aBritish Library$bHMNTS$k(P)$hMU 83$m-G(2)$iHeft 74$2blsrissc
=CAT  \\$a6098$b40$c20091028$lBLL01$h1229
=CAT  \\$a6470$b40$c20100112$lBLL01$h1550
=CAT  \\$aBATCH-UPD$b40$c20100115$lBLL01$h2055
=FIN  \\$aY$d20100112
=FMT  \\$a  BK
=LAS  \\$aBATCH-UPD$b40$c20100115$lBLL01$h2055

