=LDR  01434 am a2200445 a 4500
=001  015423868
=003  Uk
=005  20091130085911.0
=008  091120s2010\\\\enka\\\\\\\\\\001\0\eng\\
=015  \\$aGBA9B4721$2bnb
=016  7\$a015423868$2Uk
=020  \\$a9780702034855 (cased) :$cNo price
=040  \\$aUk$beng$cUk
=042  \\$aukblsr
=082  04$a616.5$222
=100  1\$aWeedon, David.
=245  10$aWeedon's skin pathology /$cDavid Weedon.
=250  \\$a3rd ed. /$bcontributors, Geoffrey Strutton, Adam I. Rubin.
=260  \\$a[Great Britain] :$bChurchill Livingstone,$c2010.
=300  \\$a1041 p. :$bill. (chiefly col.) ;$c30 cm.
=336  \\$atext$2rdacontent
=337  \\$aunmediated$2rdamedia
=338  \\$avolume$2rdacarrier
=500  \\$aIncludes index.
=500  \\$aRev. ed. of: Skin pathology. 1997.
=650  \0$aSkin$xDiseases.
=700  1\$aStrutton, Geoffrey.
=700  1\$aRubin, Adam I.
=700  1\$aWeedon, David.$tSkin pathology.
=852  11$aBritish Library$bSTI$k616.5
=CAT  \\$a8387$b40$c20091120$lBLL01$h0836
=CAT  \\$a8387$b40$c20091120$lBLL01$h0838
=CAT  \\$a8250$b40$c20091126$lBLL01$h0941
=CAT  \\$a8250$b40$c20091126$lBLL01$h0948
=CAT  \\$a8250$b40$c20091126$lBLL01$h1019
=CAT  \\$a5194$b40$c20091130$lBLL01$h0859
=CAT  \\$aWR16_021$c20160625$lBLL01$h1819
=FIN  \\$aY$d20091126
=FMT  \\$a  BK
=LAS  \\$aWR16_021$b00$c20160625$lBLL01$h1819

