=LDR  00669 am a2200253 a 4500
=001  015424255
=003  Uk
=005  20091120143823.0
=008  031109s2009\\\\bw\\\\\\\\\\\\000\0\rus\d
=020  \\$a9789856488941
=040  \\$aUk$beng$cUk
=042  \\$aukblsr
=110  1\$aBelarus.
=245  10$aUgolovnyĭ kodeks Respubliki Belarusʹ /
=260  \\$aMinsk :$c2009.
=300  \\$a285 p ;
=336  \\$atext$2rdacontent
=337  \\$aunmediated$2rdamedia
=338  \\$avolume$2rdacarrier
=650  \0$aCriminal law$zBelarus.
=852  41$aBritish Library$bHMNTS$2f
=CAT  \\$a11853$b40$c20091120$lBLL01$h1438
=FMT  \\$a  BK
=LAS  \\$a11853$b40$c20091120$lBLL01$h1438

