=LDR  01560 am a2200481 a 4500
=001  015435543
=003  Uk
=005  20100906141516.0
=008  090223s2009\\\\miu\\\\\\b\\\\000\1\eng\\
=010  \\$a  2009006929
=015  \\$aGBB0A6405$2bnb
=016  7\$a015435543$2Uk
=020  \\$a9780802845702 (alk. paper)
=020  \\$a0802845703 (alk. paper)
=035  \\$a(OCoLC)ocn310715302
=040  \\$aDLC$cDLC$dBTCTA$dIMC$dDLC$dUk
=041  1\$aeng$hrus
=042  \\$aukblcatcopy
=043  \\$ae-ur---
=050  00$aPG3326$b.Z4 2009
=082  04$a891.733$222
=100  1\$aDostoyevsky, Fyodor,$d1821-1881.
=240  10$aZapiski iz podpolʹi︠a︡.$lEnglish
=245  10$aNotes from underground /$cFyodor Dostoevsky ; translated by Boris Jakim.
=260  \\$aGrand Rapids, Mich. :$bWilliam B. Eerdmans Pub. Co.,$c2009.
=300  \\$av, 118 p. ;$c23 cm.
=336  \\$atext$2rdacontent
=337  \\$aunmediated$2rdamedia
=338  \\$avolume$2rdacarrier
=504  \\$aIncludes bibliographical references.
=651  \0$aRussia$xHistory$y1801-1917$vFiction.
=651  \0$aRussia$xOfficials and employees$vFiction.
=700  1\$aJakim, Boris.
=852  41$aBritish Library$bHMNTS$iYC.2010.a.11986
=CAT  \\$a8387$b40$c20091203$lBLL01$h1410
=CAT  \\$a8387$b40$c20091203$lBLL01$h1414
=CAT  \\$a8387$b40$c20091203$lBLL01$h1415
=CAT  \\$a5375$b40$c20100906$lBLL01$h1415
=CAT  \\$aWR16_021$c20160625$lBLL01$h1821
=FIN  \\$aY$d20100906
=FMT  \\$a  BK
=LAS  \\$aWR16_021$b00$c20160625$lBLL01$h1821
=SRC  \\$aBLL02

