=LDR  01789 as a2200457 a 4500
=001  015439809
=003  Uk
=005  20111013121103.0
=007  ta
=008  091204d200u200uenkuu\p\\r\\\\0\\\a0eng\\
=015  \\$aGBA9C1849$2bnb
=040  \\$aUk$beng$cUk
=042  \\$aukblsr
=082  04$a331.259205$222
=130  0\$aTraining & development directory (London, England)
=245  10$aTraining & development directory ... /$cCapita Learning & Development.
=246  3\$aTraining and development directory
=260  \\$a[London :$bCapita Learning & Development]
=300  \\$av. :$bill. (some col.) ;$c21 cm.
=336  \\$atext$2rdacontent
=337  \\$aunmediated$2rdamedia
=338  \\$avolume$2rdacarrier
=500  \\$aDescription based on: 2009 issue, ed. 2 (Apr./Dec. 2009).
=610  20$aCapita Learning & Development$vDirectories.
=610  20$aCapita Learning & Development$vPeriodicals.
=650  \0$aEmployees$xTraining of$vDirectories.
=650  \0$aEmployees$xTraining of$vPeriodicals.
=710  2\$aCapita Learning & Development.
=780  00$tDirectory (Capita Learning & Development)
=785  00$tTraining directory (Capita Learning & Development)
=852  11$aBritish Library$bSTI$cBIPC$kTrade Literature Collection$3Ed. 1 (Jan./Dec. 2009)-Apr./Dec. (2009)
=CAT  \\$a11205$b40$c20091204$lBLL01$h0958
=CAT  \\$a11205$b40$c20091204$lBLL01$h1046
=CAT  \\$a11205$b40$c20091204$lBLL01$h1049
=CAT  \\$a5110$b40$c20111013$lBLL01$h1211
=CAT  \\$aWR14_140$c20140905$lBLL01$h1823
=FIN  \\$aY$d20091204
=FMT  \\$a  SE
=LAS  \\$aWR14_140$b00$c20140905$lBLL01$h1823
=LKR  \\$aPAR$b013667711$lBLL01$nDirectory (Capita Learning & Development)$mTraining & development directory (London, England)$r78000
=TCO  \\$aCLA$bCLA$c008

