=LDR  01491 cm a2200445 i 4500
=001  015444821
=003  Uk
=005  20131008093338.0
=008  091210t19981998enkzza\||||||||n\|||zxx|\
=016  \\$a015444821
=040  \\$aUk$beng$cUk$erda
=042  \\$aukblsr
=082  04$a786.5$223
=100  1\$aBryan, Paul,$d1950-$ecomposer.
=240  10$aVeni Creator Spiritus
=245  10$aVeni creator spiritus :$bthree communion meditations for organ (manuals only) /$cby Paul Bryan.
=264  \1$aDalton-in-Furness, Cumbria :$bAnimus,$c1998.
=264  \4$c©1998
=300  \\$a1 score (5 pages) ;$c30 cm
=336  \\$anotated music$2rdacontent
=337  \\$aunmediated$2rdamedia
=338  \\$avolume$2rdacarrier
=500  \\$aComposed in memory of Margaret Bryan.
=546  \\$bStaff notation.
=650  \0$aOrgan music.
=650  \0$aCommunion service music.
=852  \\$aBritish Library$bMUSIC$lg.863.qq.(7)
=CAT  \\$a10958$b40$c20091210$lBLL01$h1454
=CAT  \\$a13932$b40$c20130531$lBLL01$h0958
=CAT  \\$a13932$b40$c20130531$lBLL01$h0959
=CAT  \\$a13932$b40$c20130531$lBLL01$h1000
=CAT  \\$a13932$b40$c20130603$lBLL01$h1033
=CAT  \\$a10743$b40$c20130927$lBLL01$h1257
=CAT  \\$a13932$b40$c20131008$lBLL01$h0932
=CAT  \\$a13932$b40$c20131008$lBLL01$h0933
=CAT  \\$aWR16_021$c20160625$lBLL01$h1823
=CAT  \\$aBATCH-016$c20160905$lBLL01$h1718
=FIN  \\$aY$d20130531
=FMT  \\$a  MU
=LAS  \\$aBATCH-016$b00$c20160905$lBLL01$h1718

