=LDR  01662 cm a2200481 i 4500
=001  015445113
=003  Uk
=005  20130530124743.0
=008  091211t20052005enkzza\\\\\\\\\n\\\\zxx\\
=016  \\$a015445113
=040  \\$aUk$beng$cUk$erda
=042  \\$aukblsr
=082  04$a786.5$223
=100  10$aClucas, Humphrey,$d1941-
=245  10$aSymphony :$bfor organ : allegro, scherzo, variations /$cHumphrey Clucas.
=264  \1$aDalton-in-Furness, Cumbria :$bAnimus,$c2005.
=264  \4$c©2005
=300  \\$a1 score (50 pages) ;$c30 cm
=336  \\$anotated music$2rdacontent
=337  \\$aunmediated$2rdamedia
=338  \\$avolume$2rdacarrier
=500  \\$aIncludes a biography of the composer and description of the music.
=546  \\$bStaff notation.
=650  \0$aOrgan music.
=852  \\$aBritish Library$bMUSIC$hg.863.qq.(15)
=CAT  \\$a12323$b40$c20091211$lBLL01$h0921
=CAT  \\$a12323$b40$c20091211$lBLL01$h1001
=CAT  \\$a12323$b40$c20091211$lBLL01$h1039
=CAT  \\$a12323$b40$c20091211$lBLL01$h1041
=CAT  \\$a12323$b40$c20091211$lBLL01$h1355
=CAT  \\$a12323$b40$c20091211$lBLL01$h1356
=CAT  \\$a12323$b40$c20091211$lBLL01$h1404
=CAT  \\$a12323$b40$c20091211$lBLL01$h1405
=CAT  \\$a7416$b40$c20120323$lBLL01$h1730
=CAT  \\$a13932$b40$c20130530$lBLL01$h1218
=CAT  \\$a13932$b40$c20130530$lBLL01$h1234
=CAT  \\$a13932$b40$c20130530$lBLL01$h1247
=CAT  \\$aBATCH-UPD$b40$c20151202$lBLL01$h0427
=CAT  \\$aWR16_021$c20160625$lBLL01$h1823
=CAT  \\$aBATCH-016$c20160905$lBLL01$h1718
=FIN  \\$aY$d20130530
=FMT  \\$a  MU
=LAS  \\$aBATCH-016$b00$c20160905$lBLL01$h1718

