=LDR  01125 cm a2200361 i 4500
=001  015445428
=003  Uk
=005  20130603101907.0
=008  091211t20032003enkzzz\||||||||n\|||zxx|\
=016  \\$a015445428
=040  \\$aUk$beng$cUk$erda
=042  \\$aukblsr
=082  04$a786.5$223
=100  1\$aAttride, Tim,$ecomposer.
=245  10$aDance for the flutes :$bfor organ (manuals only) /$cTim Attride.
=264  \1$aDalton-in-Furness, Cumbria :$bAnimus,$c2003.
=264  \4$c©2003
=300  \\$a1 score (4 pages) ;$c30 cm
=336  \\$anotated music$2rdacontent
=337  \\$aunmediated$2rdamedia
=338  \\$avolume$2rdacarrier
=546  \\$bStaff notation.
=650  \0$aOrgan music.
=852  \\$aBritish Library$bMUSIC$hg.863.qq.(1)
=CAT  \\$a12323$b40$c20091211$lBLL01$h1456
=CAT  \\$a13932$b40$c20130531$lBLL01$h1418
=CAT  \\$a13932$b40$c20130531$lBLL01$h1419
=CAT  \\$a13932$b40$c20130603$lBLL01$h1019
=CAT  \\$aWR16_021$c20160625$lBLL01$h1823
=CAT  \\$aBATCH-016$c20160905$lBLL01$h1718
=FIN  \\$aY$d20130531
=FMT  \\$a  MU
=LAS  \\$aBATCH-016$b00$c20160905$lBLL01$h1718

