=LDR  01438 am a2200385 a 4500
=001  015450110
=003  Uk
=005  20110121163323.0
=008  980811m18401841gw\\\\\\\\\\\\000\0\lat\d
=035  \\$a(OCoLC)39673244
=040  \\$aUk$beng$cUk
=042  \\$aukblsr
=050  \4$aQK11$b.S7
=082  04$a580.14
=100  1\$aSteudel, Ernst Gottlieb,$d1783-1856.
=245  10$aNomenclator botanicus, seu, Synonymia plantarum universalis :$benumerans ordine alphabetico nomina atque synonyma, tum generica tum specifica, et a Linnaeo et a recentioribus de re botanica scriptoribus plantis phanerogamis imposita /$cautore Ernesto Theoph. Steudel.
=250  \\$aEditio secunda ex novo elaborata et aucta.
=260  \\$aStuttgartiae ;$aTubingae :$bTypis et sumptibus J.G. Cottae,$c1840-1841.
=300  \\$a2 pts. in 1 ;$c28 cm.
=336  \\$atext$2rdacontent
=337  \\$aunmediated$2rdamedia
=338  \\$avolume$2rdacarrier
=500  \\$a"Nomina autorum citatorum": pt. 2, p.[803]-810.
=510  4\$aSoulsby no. 36
=510  4\$aSoulsby no. 823
=650  \0$aPlants$vNomenclature.
=852  41$aBritish Library$bOC$qIOL.1947.b.190
=CAT  \\$a4039$b40$c20091217$lBLL01$h1055
=CAT  \\$a1037$b40$c20100218$lBLL01$h1235
=CAT  \\$a1037$b40$c20100803$lBLL01$h1654
=CAT  \\$a12725$b40$c20110121$lBLL01$h1633
=FIN  \\$aY$d20091217
=FMT  \\$a  BK
=LAS  \\$a12725$b40$c20110121$lBLL01$h1633
=SID  \\$aZ39$bOCLC

