=LDR  01190 as a2200349 a 4500
=001  015451913
=003  Uk
=005  20091221115144.0
=007  ta
=008  091221c200u9999enkuu\p\\\\\\o0\\\a0eng\\
=040  \\$aUk$beng$cUk
=042  \\$aukblsr
=082  04$a352.7932140942854$222
=245  00$aLocal development framework newsletter ... /$cRedcar & Cleveland Borough Council.
=246  30$aNewsletter
=260  \\$a[Guisborough :$bRedcar & Cleveland Borough Council]
=300  \\$av. ;$c30 cm.
=336  \\$atext$2rdacontent
=337  \\$aunmediated$2rdamedia
=338  \\$avolume$2rdacarrier
=500  \\$aDescription based on: Mar. 2008 issue.
=610  10$aRedcar and Cleveland (England).$bBorough Council$vPeriodicals.
=650  \0$aRegional planning$zEngland$zRedcar and Cleveland$vPeriodicals.
=710  1\$aRedcar and Cleveland (England).$bBorough Council.
=852  41$aBritish Library$bHMNTS$qHMNTS$3Mar. (2008)-
=CAT  \\$a11205$b40$c20091221$lBLL01$h1136
=CAT  \\$a11205$b40$c20091221$lBLL01$h1138
=CAT  \\$a11205$b40$c20091221$lBLL01$h1151
=FIN  \\$aY$d20091221
=FMT  \\$a  SE
=LAS  \\$a11205$b40$c20091221$lBLL01$h1151
=TCO  \\$aCLA$bCLA$c008

