=LDR  01551 as a2200433 a 4500
=001  015454323
=003  Uk
=005  20091231093105.0
=007  ta
=008  091223c20099999wlkuu\p\\\\\\\0\\\a0eng\\
=015  \\$aGBB001469$2bnb
=040  \\$aUk$beng$cUk
=041  0\$aeng$awel
=042  \\$aukblsr
=082  04$a372.86094292705$222
=245  00$aYoung and active :$bnewsletter of the Conwy A.Y.P. Programme.
=246  3\$aYoung and active :$bnewsletter of the Conwy Active Young People Programme
=246  15$aIfanc ac egniol :$bnewyddlen Rhaglen P.I.E. Conwy
=246  3\$aIfanc ac egniol :$bnewyddlen Rhaglen Pob Ifanc Egniol Conwy
=260  \\$a[Colwyn Bay :$bEducation Services],$c2009-
=300  \\$av. :$bcol. ill., col. ports. ;$c30 cm.
=336  \\$atext$2rdacontent
=337  \\$aunmediated$2rdamedia
=338  \\$avolume$2rdacarrier
=362  0\$aIssue 1 (Jan. 2009)-
=500  \\$aPrinted in tête-bêche format.
=546  \\$aEnglish and Welsh text.
=610  20$aActive Young People Programme$vPeriodicals.
=650  \0$aPhysical education for children$zWales$zConwy$vPeriodicals.
=650  \0$aSports for children$zWales$zConwy$vPeriodicals.
=710  2\$aActive Young People Programme.
=852  41$aBritish Library$bHMNTS$qHMNTS$3Issue 1 (Jan. 2009)-
=CAT  \\$a11205$b40$c20091223$lBLL01$h1412
=CAT  \\$a11306$b40$c20091231$lBLL01$h0931
=CAT  \\$aWR14_140$c20140905$lBLL01$h1823
=FIN  \\$aY$d20091223
=FMT  \\$a  SE
=LAS  \\$aWR14_140$b00$c20140905$lBLL01$h1823
=TCO  \\$aCLA$bCLA$c008

