=LDR  02562 as a22006497a 4500
=001  015457127
=003  Uk
=005  20181203144702.0
=007  hd\afa015bacu
=008  040303d20042016enkdn\nea\\\\\0\\\a0eng\\
=022  0\$a1741-9743
=040  \\$aUk$cUk$dUk
=082  04$a072.1$268
=130  4\$aThe independent (London : Compact ed.)
=245  14$aThe independent$h[microform].
=260  \\$aLondon :$bIndependent News & Media
=260  3\$32010-$aLondon:$bIndependent Print Ltd.
=310  \\$aDaily (except Sunday)
=336  \\$atext$2rdacontent
=337  \\$amicroform$2rdamedia
=338  \\$amicrofilm reel$2rdacarrier
=362  0\$a10th Feb. 2004-
=500  \\$aThe statement 'Compact ed.' only appeared on the newspaper for the short period of transition from broadsheet to tabloid in 2004.
=533  \\$aMicrofilm.$bReading :$cPrimary Source Media (formerly Research Publications),$d35mm.$m2004 onwards.$nPurchased microfilm.
=580  \\$aRan parallel with, then continues: The independent (Broadsheet ed.)
=651  0\$aLondon (England)$vNewspapers.
=752  \\$aEngland$dLondon.$2blnpn
=775  1\$tIndependent$x0951-9467
=780  00$tIndependent$x0951-9467
=852  41$32004-2016$aBritish Library$bHMNTS$kMFM$hMLD11A$z- Mar 2016$zMicroform.
=866  \0$aNewspapers :10th Feb. 2004-26 March 2016; Microfilm holdings only
=CAT  \\$a10932$b40$c20100104$lBLL01$h0948
=CAT  \\$a10932$b40$c20100104$lBLL01$h0957
=CAT  \\$a10932$b40$c20100104$lBLL01$h1714
=CAT  \\$a10932$b40$c20110221$lBLL01$h1213
=CAT  \\$a10932$b40$c20110221$lBLL01$h1219
=CAT  \\$a10932$b40$c20110221$lBLL01$h1230
=CAT  \\$a10932$b40$c20110221$lBLL01$h1410
=CAT  \\$a10932$b40$c20110221$lBLL01$h1411
=CAT  \\$a10932$b40$c20110221$lBLL01$h1421
=CAT  \\$a10932$b40$c20110221$lBLL01$h1440
=CAT  \\$a10932$b40$c20110222$lBLL01$h0835
=CAT  \\$a10932$b40$c20110222$lBLL01$h1209
=CAT  \\$aNPL-008-N$c20110504$lBLL01$h2229
=CAT  \\$aADD-NID$b00$c20110805$lBLL01$h1431
=CAT  \\$c20130924$lBLL01$h1341
=CAT  \\$c20130924$lBLL01$h1547
=CAT  \\$aNPL-LOCK$b77$c20140207$lBLL01$h2219
=CAT  \\$c20140214$lBLL01$h1747
=CAT  \\$a3557$b50$c20181203$lBLL01$h1445
=CAT  \\$a3557$b50$c20181203$lBLL01$h1447
=FIN  \\$aY
=FMT  \\$a  SE
=LAS  \\$a3557$b50$c20181203$lBLL01$h1447
=LKR  \\$aPAR$b015756718$lBLL01$r78000$mThe independent (Compact ed. : Microfilm)$nIndependent (London. 1986 : Microfilm)
=NID  \\$aNID0000693
=TCO  \\$aCLA$bCLA$c008

