=LDR  01658aas a2200457 a 4500
=001  015458748
=003  Uk
=005  20130403144251.0
=007  ta
=008  100107d200u2011enkar\p\\\s\\\0\\\a0eng\\
=040  \\$aUk$beng$cUk
=042  \\$aukblsr
=082  04$a363.728$222
=110  2\$aViridor (Firm)
=245  10$aCorporate responsibility report /$cViridor.
=260  \\$a[Great Britain] :$bViridor Limited,$c-2011.
=300  \\$av. :$bcol. ill., col. ports. ;$c30 cm.
=310  \\$aAnnual
=336  \\$atext$2rdacontent
=337  \\$aunmediated$2rdamedia
=338  \\$avolume$2rdacarrier
=362  1\$aCeased with 2010/2011 issue.
=500  \\$aDescription based on: 2009 issue.
=530  \\$aAlso issued online.
=610  20$aViridor (Firm)$vPeriodicals.
=650  \0$aRefuse disposal industry$xEnvironmental aspects$vPeriodicals.
=650  \0$aRecycling industry$xEnvironmental aspects$vPeriodicals.
=776  0\$aViridor (Firm)$sCorporate responsibility report (Online)
=785  00$aViridor (Firm), (author)$tViridor sustainability report
=852  11$aBritish Library$bSTI$cBIPC$kTrade Literature Collection$32009-2011***title now taken as electronic copy only
=CAT  \\$a10806$b40$c20100107$lBLL01$h0927
=CAT  \\$a10806$b40$c20100107$lBLL01$h0928
=CAT  \\$a11306$b40$c20100111$lBLL01$h1644
=CAT  \\$aBATCH-UPD$b40$c20100111$lBLL01$h1645
=CAT  \\$a5997$b40$c20110428$lBLL01$h0744
=CAT  \\$a11315$b40$c20130403$lBLL01$h1442
=FIN  \\$aY$d20100107
=FMT  \\$a  SE
=LAS  \\$a11315$b40$c20130403$lBLL01$h1442
=LET  \0$aViridor corporate responsibility report (Print)
=TCO  \\$aCLA$bCLA$c008

