=LDR  02120cem a2200505 a 4500
=001  015461294
=003  Uk
=005  20230223161309.0
=007  aj\canzn
=008  100112s1804\\\\enki\\\||\a\\\\\0\\\eng\\
=FMT  \\$a  MP
=034  1\$aa$b1300000
=040  \\$aUk$beng$cUk
=082  0\$a912.42$222
=245  02$aA new and correct map of England & Wales with the principal roads and the distances from place to place in measur'd miles:$bto which is added six perspective views of its antiquities.
=255  \\$aScale [ca. 1:1 300 000].
=260  \\$aLondon:$bpublish'd March 1st 1804 by W. West no. 1 Dean Street, Fetter lane,$c1804.
=300  \\$a1 map:$bhand col. ;$c51 x 47 cm. on sheet 67 x 101 cm.
=336  \\$acartographic image$2rdacontent
=337  \\$aunmediated$2rdamedia
=338  \\$asheet$2rdacarrier
=500  \\$aWood engraving, separately issued.
=500  \\$aProduced for tourist audience. Includes roads, points of interest, table of distances and market towns. Surrounded by 6 views of tourist attractions with descriptive text.
=651  \0$aEngland$vMaps.
=651  \0$aWales$vMaps.
=651  \0$aPeak District (England)$vViews.
=651  \0$aLudlow Castle (Ludlow, England)$vViews.
=651  \0$aChepstow Castle (Chepstow, Wales)$vViews.
=651  \0$aKnaresborough (England)$vViews.
=651  \0$aLumley Castle (England)$vViews
=651  \0$aFlintshire (Wales)$vViews.
=655  \7$aTourist maps.$2fast$0(OCoLC)fst01423809
=852  41$aBritish Library$bMAPS$mMaps CC.6.a.31.
=985  \\$aUpgraded by BSS-generated file for WR2011-1473
=985  \\$aUpdated by MS generated file for WR2302-017
=CAT  \\$a01973$b40$c20100112$lBLL01$h1315
=CAT  \\$a12819$b40$c20100315$lBLL01$h1023
=CAT  \\$aBATCH-UPD$b40$c20100609$lBLL01$h1642
=CAT  \\$aBATCH-UPD$b40$c20120229$lBLL01$h1324
=CAT  \\$a12842$b40$c20161201$lBLL01$h1317
=CAT  \\$aW2011-1473$b00$c20201124$lBLL01$h1903
=CAT  \\$a14185$b40$c20220304$lBLL01$h1528
=CAT  \\$aW2302-0174$c20230223$lBLL01$h1956
=FIN  \\$aY$d20100315
=LAS  \\$aW2302-0174$b00$c20230223$lBLL01$h1956

