=LDR  01146 am a2200361 a 4500
=001  015488375
=003  Uk
=005  20100219153409.0
=008  100216s2010\\\\enka\\\\\b\\\\001\0\eng\\
=015  \\$aGBB029791$2bnb
=016  7\$a015488375$2Uk
=020  \\$a9781847351371
=020  \\$a9781847354709 (ebk.)
=040  \\$aUk$beng$cUk
=042  \\$aukblsr
=082  04$a668.423$222
=100  1\$aMuralisrinivasan, Natamai Subramanian.
=245  10$aUpdate on troubleshooting in thermoforming /$cNatamai Subramanian Muralisrinivasan.
=260  \\$aShrewsbury :$biSmithers,$c2010.
=300  \\$avi, 130 p. :$bill. ;$c25 cm.
=336  \\$atext$2rdacontent
=337  \\$aunmediated$2rdamedia
=338  \\$avolume$2rdacarrier
=504  \\$aIncludes bibliographical references and index.
=650  \0$aThermoforming.
=852  11$aBritish Library$bHMNTS$k(B)$h668.423
=CAT  \\$a8387$b40$c20100216$lBLL01$h0925
=CAT  \\$a8387$b40$c20100216$lBLL01$h0928
=CAT  \\$a11014$b40$c20100219$lBLL01$h1534
=CAT  \\$aWR16_021$c20160626$lBLL01$h1806
=FIN  \\$aY$d20100219
=FMT  \\$a  BK
=LAS  \\$aWR16_021$b00$c20160626$lBLL01$h1806

