=LDR  01376 am a2200325 a 4500
=001  015510133
=003  Uk
=005  20100407113240.0
=007  he\bmb|||b|c|
=008  100316s1835\\\\fr\a\\\\bb\\\\000\0\fre\\
=040  \\$aUk$beng$cUk
=042  \\$aukblsr
=100  1\$aBastenaire-Daudenart, F.
=245  12$aL'Art de fabriquer les poteries communes usuelles ... suivi d'un mémoire ... sur la question relative à l'enquête commerciale ordonneé par le gouvernement pour la leveé de la prohibition existante en France sur les poteries anglaises$h[microform].
=260  \\$aParis :$bAnselin,$c1835.
=300  \\$axxxii, 560 p., 3 p. of plates :$bill, ;$c29 cm.
=336  \\$atext$2rdacontent
=337  \\$amicroform$2rdamedia
=338  \\$amicrofiche$2rdacarrier
=500  \\$aDescription based on the British Library record for the original work.
=504  \\$aIncludes bibliographical references.
=533  \\$aMicrofiche.$bParis :$cBibliothèque Nationale,$d1983.$e7 microfiches : negative.$nNo. on item: 19006 [V31567].
=650  \0$aPottery.
=852  41$aBritish Library$bHMNTS$qCopy at XXXX. Imperfect: wanting microfiches 1-5.
=CAT  \\$a11069$b40$c20100316$lBLL01$h1332
=CAT  \\$a11069$b40$c20100331$lBLL01$h1044
=CAT  \\$a8317$b40$c20100407$lBLL01$h1132
=FIN  \\$aY$d20100316
=FMT  \\$a  BK
=LAS  \\$a8317$b40$c20100407$lBLL01$h1132

