=LDR  01237 as a2200337 a 4500
=001  015514913
=003  Uk
=005  20100323113944.0
=007  ta
=008  100323c19uu9999enkar\\\\\\\\\0\\\a0eng\\
=040  \\$aUk$beng$cUk
=042  \\$aukblsr
=082  04$a615.82094105$222
=110  2\$aOrganisation of Chartered Physiotherapists in Private Practice (Great Britain)
=245  10$aAnnual report ... /$cPhysio First, the Organisation of Chartered Physiotherapists in Private Practice.
=260  \\$aTowcester :$bPhysio First
=300  \\$av. :$bports. ;$c30 cm.
=310  \\$aAnnual
=336  \\$atext$2rdacontent
=337  \\$aunmediated$2rdamedia
=338  \\$avolume$2rdacarrier
=500  \\$aDescription based on: 2007/2008 issue.
=610  20$aOrganisation of Chartered Physiotherapists in Private Practice (Great Britain)$vPeriodicals.
=610  20$aOrganisation of Chartered Physiotherapists in Private Practice (Great Britain)$xFinance$vPeriodicals.
=650  \0$aPhysical therapists$zGreat Britain$vPeriodicals.
=852  41$aBritish Library$bHMNTS$qHMNTS
=CAT  \\$a11205$b40$c20100323$lBLL01$h1139
=FIN  \\$aY$d20100323
=FMT  \\$a  SE
=LAS  \\$a11205$b40$c20100323$lBLL01$h1139
=TCO  \\$aCLA$bCLA$c008

