=LDR  01548 am a2200457 a 4500
=001  015520792
=003  Uk
=005  20101110105253.0
=008  100317s2010\\\\stkb\\\\\b\\\o000\0\eng\c
=015  \\$aGBB045080$2bnb
=016  7\$a015520792$2Uk
=020  \\$a9780108882487 (set : pbk.)
=035  \\$a(StEdNL)4363193
=040  \\$aStEdNL$beng$cStEdNL$dUk
=042  \\$aukscp
=043  \\$ae-uk-st
=082  04$a346.4110438$222
=245  00$aReport on land registration.
=260  \\$aEdinburgh :$bTSO,$c2010.
=300  \\$a2 v. :$bcol. maps ;$c30 cm.
=336  \\$atext$2rdacontent
=337  \\$aunmediated$2rdamedia
=338  \\$avolume$2rdacarrier
=490  1\$aScot. Law Com. ;$vno. 222
=500  \\$a"Laid before the Scottish Parliament by the Scottish Ministers under section 3(2) of the Law Commissions Act 1965."
=500  \\$a"SG/2020/14."
=504  \\$aIncludes bibliographical references.
=650  \0$aLand titles$xRegistration and transfer$zScotland.
=650  \0$aConveyancing$zScotland.
=710  2\$aScottish Law Commission.
=830  \0$aScot. Law Com. (Series) ;$vno. 222.
=852  41$aBritish Library$bHMNTS$ivol. 2
=852  41$aBritish Library$bHMNTS$ivol. 1
=985  \\$aLDLSCP record - no ISBN match on import to BLL01
=CAT  \\$aBATCH-LDLN$b00$c20100330$lBLL01$h0926
=CAT  \\$a6989$b40$c20101110$lBLL01$h1046
=CAT  \\$a6989$b40$c20101110$lBLL01$h1052
=CAT  \\$aWR16_021$c20160627$lBLL01$h1803
=FIN  \\$aY$d20101110
=FMT  \\$a  BK
=LAS  \\$aWR16_021$b00$c20160627$lBLL01$h1803

