=LDR  02175pam a2200613 a 4500
=001  015523030
=003  Uk
=005  20130409143657.0
=008  101005m20102013caua\\\g\6\\\\000\1\eng\\
=015  \\$aGBB046857$2bnb
=016  7\$a015523030$2Uk
=020  \\$a9781600106972 (v. 1)
=020  \\$a1600106978 (v. 1)
=020  \\$a9781600108716 (v .2)
=020  \\$a1600108717 (v .2)
=020  \\$a9781613770924 (v. 3)
=020  \\$a1613770928 (v. 3)
=020  \\$a9781613772362 (v. 4)
=020  \\$a161377236X (v. 4)
=020  \\$a9781613775424 (v. 5)
=020  \\$a1613775423 (v. 5)
=035  \\$a(OCoLC)668244823
=040  \\$aStDuBDS$beng$cStDuBDS$dUk
=042  \\$aukblsr
=082  04$a741.5973$223
=100  1\$aGoodwin, Archie.
=245  10$aX-9 :$bSecret Agent Corrigan /$cAl Williamson [artist] ; Archie Goodwin [writer].
=260  \\$aSan Diego, Calif. :$bIDW Pub.,$c2010-2013.
=300  \\$a5 v. :$bchiefly ill. ;$c26 x 29 cm.
=336  \\$atext$2rdacontent
=337  \\$aunmediated$2rdamedia
=338  \\$avolume$2rdacarrier
=490  1\$aThe library of American comics
=500  \\$aFormerly CIP.$5Uk
=505  0\$av. 1. 1867-1969 -- v. 2. 1969-1972 -- v. 3. 1972-1974 -- v. 4. 1974-1977 -- v. 5. 1977-1980.
=520  \\$a"... the first-ever comprehensive collection [of] what is arguably the last of the great adventure strips"--Publisher.
=650  \0$aSpies$vComic books, strips, etc.
=650  \0$aPrivate investigators$vComic books, strips, etc.
=655  \0$aComic books, strips, etc.
=700  1\$aWilliamson, Al,$d1931-2010.
=830  \0$aLibrary of American comics.
=852  41$aBritish Library$bHMNTS$ivol. 2
=852  41$aBritish Library$bHMNTS$ivol. 5
=CAT  \\$aBATCH-CIPN$b00$c20100330$lBLL01$h1702
=CAT  \\$aBATCH$b00$c20100330$lBLL01$h1703
=CAT  \\$aBATCH$b00$c20100330$lBLL01$h1708
=CAT  \\$aBATCH-UPD$b00$c20100623$lBLL01$h2139
=CAT  \\$a8387$b40$c20101026$lBLL01$h0927
=CAT  \\$a11317$b40$c20130409$lBLL01$h1436
=CAT  \\$aWR16_021$c20160627$lBLL01$h1804
=FIN  \\$aY$d20130409
=FMT  \\$a  BK
=LAS  \\$aWR16_021$b00$c20160627$lBLL01$h1804
=SID  \\$aZ39$bOCLC

