=LDR  01916cam a22003497a 4500
=001  015523995
=003  Uk
=005  20100331162303.0
=008  850918s1888\\\\ru\k\\\\b\\\\\000\0\rusod
=FMT  \\$a  BK
=040  \\$aEQO$cEQO$dOCLCQ$dOCLCG$dUk
=042  \\$aukblsr
=245  00$aZakony o pechati :$bnastolʹnai︠a︡ spravochnai︠a︡ kniga dli︠a︡ avtorov, perevodchikov, izdateleĭ i soderzhateleĭ tipografīĭ, litografīĭ, metallografīĭ, zavedenīĭ, proizvodi︠a︡shchikh i prodai︠u︡shchikh prinadlezhnosti, tisnenīi︠a︡, knizhnykh magazinov, lavok, kīoskov, biblīotek i kabinetov dli︠a︡ chtenīi︠a︡, a takzhe dli︠a︡ torgui︠u︡shchikh proizvodenīi︠a︡mi pechati v raznos, fotografshchikov, soderzhateleĭ teatrov, dramaticheskikh pisateleĭ i lit︠s︡ sudebnago vi︠e︡domstva /$csostavil Z. Mserīant︠s︡.
=246  11$aUstav o t︠s︡enzure i pechati.
=246  15$aUstav o t︠s︡enzuri︠e︡ i pechati.
=250  \\$aIzd. 5., vnovʹ sostavlennoe i dop.
=260  \\$aMoskva :$b[s.n.],$c1888.
=300  \\$axvi, 241 p. :$bforms.
=336  \\$atext$2rdacontent
=337  \\$aunmediated$2rdamedia
=338  \\$avolume$2rdacarrier
=500  \\$aAdded t.p.: Ustav o t︠s︡enzuri︠e︡ i pechati ; tom XIV Svod. Zak. po izdanii︠u︡ 1886 goda.
=650  \0$aPress law$zRussia$vSources.
=650  \0$aCensorship$zRussia$xHistory$y19th century$vSources.
=700  1\$aMserīant︠s︡, Z.$q(Zaĭmar Mserovich),$d1836-1899.
=852  41$aBritish Library$bHMNTS$qCopy at XXXX. Imperfect: Stamped : "Tipografii︠a︡, litografii︠a︡ i perepletnai︠a︡ I.Varshavchika v Kharʹkove".
=CAT  \\$a11937$b40$c20100331$lBLL01$h1623
=CAT  \\$aBATCH-UPD$b40$c20160914$lBLL01$h1715
=CAT  \\$aW2308-1659$c20230923$lBLL01$h1054
=FIN  \\$aY$d20100331
=SID  \\$aZ39$bOCLC
=LAS  \\$aW2308-1659$b00$c20230923$lBLL01$h1054

