=LDR  01210cam a22003017a 4500
=001  015524191
=003  Uk
=005  20100401110014.0
=008  860604s1906\\\\ru\\\\\\a\\\\\000\0\rusxd
=FMT  \\$a  BK
=040  \\$aZCU$cZCU$dUk
=042  \\$aukblsr
=100  1\$aPlekhanov, Georgiĭ Valentinovich,$d1856-1918.
=245  10$a14-e dekabri︠a︡ 1825 goda :$bri︠e︡ch proiznesennai︠a︡ na russkom sobranīi v Zhenevi︠e︡ 14/27 dekabri︠a︡ 1900 goda /$cG. Plekhanov.
=246  11$aChetyrnadt︠s︡atoe dekabri︠a︡ 1825 goda.
=260  \\$a[S.-Peterburg]$bIzd. "Biblīoteki dli︠a︡ vsi︠e︡kh" O. N. Rutenberg,$c[1906]
=300  \\$a24 p.$c20cm.
=336  \\$atext$2rdacontent
=337  \\$aunmediated$2rdamedia
=338  \\$avolume$2rdacarrier
=651  \0$aRussia$xHistory$yDecember Uprising, 1825.
=852  41$aBritish Library$bHMNTS$qCopy at XXXX. Imperfect: with manuscript annotation of the previous owner: 23 senti︠a︡bri︠a︡ 1906
=CAT  \\$a11937$b40$c20100401$lBLL01$h1058
=CAT  \\$a11937$b40$c20100401$lBLL01$h1100
=CAT  \\$aW2308-1659$c20230923$lBLL01$h1054
=FIN  \\$aY$d20100401
=SID  \\$aZ39$bOCLC
=LAS  \\$aW2308-1659$b00$c20230923$lBLL01$h1054

