=LDR  01764pam a2200445 a 4500
=001  015541625
=003  Uk
=005  20110112101641.0
=008  100426s2010\\\\enka\\\\\b\\\|1|0\0|eng|d
=015  \\$aGBB056218$2bnb
=016  7\$a015541625$2Uk
=020  \\$a9781841139968 :$c£125.00
=020  \\$a1841139963 :$c£125.00
=040  \\$aStDuBDS$beng$cStDuBDS$dUk
=042  \\$aukblsr
=082  04$a346.048$222
=111  2\$aConference on Intellectual Property Law and Policy$n(16th :$d2008 :$cFordham University School of Law)
=245  10$aIntellectual property law and policy.$nVolume 11 /$cedited by Hugh C. Hansen.
=260  \\$aOxford :$bHart Pub.,$c2010.
=300  \\$axxvi, 836 p. :$bill. ;$c25 cm.
=336  \\$atext$2rdacontent
=337  \\$aunmediated$2rdamedia
=338  \\$avolume$2rdacarrier
=500  \\$a"This volume is an edited version of ... the Fordham University School of Law sixteenth annual Conference on Intellectual Property Law and Policy, held at Fordham, March 27th and 28th, 2008--Foreword.
=500  \\$aFormerly CIP.$5Uk
=504  \\$aIncludes bibliographical references.
=650  \0$aIntellectual property$vCongresses.
=650  \0$aIntellectual property (International law)$vCongresses.
=700  1\$aHansen, Hugh C.
=852  11$aBritish Library$bSTI$cBIPC$k(B) IP$k346.048$mBusiness
=CAT  \\$aBATCH-CIPN$b00$c20100427$lBLL01$h1700
=CAT  \\$aBATCH$b00$c20100427$lBLL01$h1701
=CAT  \\$aBATCH$b00$c20100427$lBLL01$h1704
=CAT  \\$a6524$b40$c20101214$lBLL01$h1358
=CAT  \\$a11250$b40$c20110112$lBLL01$h0946
=CAT  \\$a11250$b40$c20110112$lBLL01$h1016
=CAT  \\$aWR16_021$c20160627$lBLL01$h1807
=FIN  \\$aY$d20110112
=FMT  \\$a  BK
=LAS  \\$aWR16_021$b00$c20160627$lBLL01$h1807

