=LDR  00779 cm a22002537a 4500
=001  015549733
=003  Uk
=005  20100511102201.0
=008  100511s\\\\\\\\enk|||\\\\\\\\\\\\|\und\\
=040  \\$aUk$beng$cUk
=082  14$a780$215
=100  1\$aSchroeder, R.
=245  10$aSound the loud timbrel,$bvaried for the piano forte, ...$cby R. Schroeder.
=260  \\$aLondon :$bB. Williams,$c[s.d.]
=300  \\$a5 p. of music ;$c35 cm.
=336  \\$anotated music$2rdacontent
=337  \\$aunmediated$2rdamedia
=338  \\$avolume$2rdacarrier
=541  \\$aAshdown Archive.
=852  41$aBritish Library$bMUSIC$iI.649.v.(21.)
=CAT  \\$aMUSICCON$b40$c20100511$lBLL01$h1022
=CAT  \\$aWR15_100$c20150811$lBLL01$h0325
=FMT  \\$a  MU
=LAS  \\$aWR15_100$b00$c20150811$lBLL01$h0325

