=LDR  02355cas a2200589 a 4500
=001  015574709
=003  Uk
=005  20220825160340.0
=007  ta
=008  100610c19uu9999sz\ar\\\\\s\\\0\\\a0eng\\
=FMT  \\$a  SE
=040  \\$aUk$beng$cUk$dUk
=042  \\$aukblsr
=082  04$a338.4764105$222
=110  2\$aNestlé.
=245  10$aAnnual report ... /$cNestlé.
=260  \\$aVevey :$bNestlé S.A.
=300  \\$av. :$bcol. ill., col. ports. ;$c26 cm.
=310  \\$aAnnual
=336  \\$atext$2rdacontent
=337  \\$aunmediated$2rdamedia
=338  \\$avolume$2rdacarrier
=500  \\$aDescription based on: 2009 issue.
=500  \\$aTitle varies.
=500  \\$aIncludes strategic and forecasting reports where available.
=588  \\$aLatest issue consulted: 2016.
=580  \\$a<2013>- Comprises folder with title: Annual report, which contains combinations of, variously: Annual review ; Year in review ; Corporate governance report ; Nestlé in society.
=610  20$aNestlé$vPeriodicals.
=610  20$aNestlé$xFinance$vPeriodicals.
=610  20$aNestlé$vStatistics$vPeriodicals.
=650  \0$aCorporation reports$zGreat Britain$vPeriodicals.
=650  \0$aBusiness planning$zGreat Britain$vPeriodicals.
=650  \0$aFood industry and trade$vPeriodicals.
=690  7\$aManagement and Business Studies$2blcoll
=710  22$aNestlé.$tCorporate governance report.
=710  22$aNestlé.$tCompensation report.
=710  22$aNestlé.$tFinancial statements.
=710  22$aNestlé.$tNestlé in society.
=852  71$aBritish Library$bSTI$cBIPC$kBIS$32009-2016***Title now taken as electronic copy
=985  \\$aExisting record for an overseas annual report. All [Annual reports, financial reports, etc.] for Nestle to be accessioned here, until body name changes
=CAT  \\$a11205$b40$c20100610$lBLL01$h1323
=CAT  \\$aBATCH-UPD$b40$c20130514$lBLL01$h2020
=CAT  \\$a8124$b40$c20150423$lBLL01$h1214
=CAT  \\$aBATCH-MBS$c20161028$lBLL01$h2114
=CAT  \\$a8483$b40$c20170418$lBLL01$h1514
=CAT  \\$a8483$b40$c20170419$lBLL01$h1111
=CAT  \\$a8483$b40$c20170419$lBLL01$h1132
=CAT  \\$a8124$b40$c20220825$lBLL01$h1517
=CAT  \\$a8124$b40$c20220825$lBLL01$h1603
=FIN  \\$aY$d20100610
=TCO  \\$aCHE$bPRO LITTERIS$c008
=LAS  \\$a8124$b40$c20220825$lBLL01$h1603

