=LDR  00975 as a2200325 a 4500
=001  015597588
=003  Uk
=005  20100708153259.0
=007  ta
=008  100708d1985\\\\pl\\u\\\\\\\\\0\\\a0pol\\
=040  \\$aUk$bpol$cUk
=042  \\$aukblsr
=245  00$aBiuletyn opolski :$bczasopismo niezależne.
=260  \\$aOpole :$b[s.n.],
=300  \\$av.
=336  \\$atext$2rdacontent
=337  \\$aunmediated$2rdamedia
=338  \\$avolume$2rdacarrier
=362  0\$aNr 1(listopad 1985)
=500  \\$aPolish samizdat publication.
=650  \0$aGovernment, Resistance to$zPoland$vPeriodicals.
=651  \0$aOpole (Poland)$vPeriodicals.
=651  \0$aPoland$xPolitics and government$y1980-1989$vPeriodicals.
=651  \0$aPoland$xSocial conditions$y1980-$vPeriodicals.
=852  41$aBritish Library$bHMNTS$hSol.852
=CAT  \\$a10695$b40$c20100708$lBLL01$h1532
=FIN  \\$aY$d20100708
=FMT  \\$a  SE
=LAS  \\$a10695$b40$c20100708$lBLL01$h1532
=TCO  \\$aXXX$c008

