=LDR  00962 cm a22002897a 4500
=001  015599992
=003  Uk
=005  20100713160023.0
=008  100713s\\\\\\\\enk|||\\\\\\\\\\\\|\und\\
=028  22$aA & P. 4217$bAshdown & Parry
=040  \\$aUk$beng$cUk
=082  14$a780$215
=100  1\$aVoss, Charles,$d1815-1882.
=245  10$aLa favorite.$bgrande fantaisie brillante, pour le piano,$cpar Charles Voss. Op.124.
=260  \\$aLondon :$bAshdown & Parry,$c[ca.1865]
=300  \\$a15 p. of music ;$c35 cm.
=336  \\$anotated music$2rdacontent
=337  \\$aunmediated$2rdamedia
=338  \\$avolume$2rdacarrier
=541  \\$aAshdown Archive.
=852  41$aBritish Library$bMUSIC$mI.649.ww.(31.)
=CAT  \\$aMUSICCON$b40$c20100713$lBLL01$h1600
=CAT  \\$aWR15_100$c20150811$lBLL01$h0325
=CAT  \\$aBATCH-UPD$b00$c20150811$lBLL01$h0413
=CAT  \\$aBATCH-UPD$b00$c20210129$lBLL01$h2045
=FMT  \\$a  MU
=LAS  \\$aBATCH-UPD$b00$c20210129$lBLL01$h2045

