=LDR  01189 as a2200373 a 4500
=001  015602601
=003  Uk
=005  20100729091152.0
=007  ta
=008  100715c20109999enkuu\p\\\\\\\0\\\a0eng\\
=015  \\$aGBB085161$2bnb
=040  \\$aUk$beng$cUk
=042  \\$aukblsr
=082  04$a338.4762922205$222
=245  00$aRenault business.
=260  \\$a[S.l. :$bRenault],$c2010-
=300  \\$av. :$bcol. ill., col. port. ;$c30 cm.
=336  \\$atext$2rdacontent
=337  \\$aunmediated$2rdamedia
=338  \\$avolume$2rdacarrier
=362  0\$aSummer 2010-
=650  \0$aMotor vehicle fleets$zGreat Britain$xPeriodicals.
=650  \0$aRenault automobile$vPeriodicals.
=690  7\$aManagement and Business Studies$2blcoll
=852  11$aBritish Library$bSTI$cBIPC$kTrade Literature Collection$3Summer (2010)-Autumn (2017)
=CAT  \\$a5997$b40$c20100715$lBLL01$h1004
=CAT  \\$a10997$b40$c20100728$lBLL01$h1643
=CAT  \\$a11296$b40$c20100729$lBLL01$h0908
=CAT  \\$a11296$b40$c20100729$lBLL01$h0911
=CAT  \\$aBATCH-MBS$c20161028$lBLL01$h2114
=FIN  \\$aY$d20100715
=FMT  \\$a  SE
=LAS  \\$aBATCH-MBS$b00$c20161028$lBLL01$h2114
=TCO  \\$aCLA$bCLA$c008

