=LDR  02694aam a2200445 a 4500
=001  015606233
=003  Uk
=005  20111111001739.0
=008  110425s2011\\\\flua\\\\\b\\\\001\0\eng\\
=010  \\$a2011017487  
=015  \\$aGBB086674$2bnb
=016  7\$a015606233$2Uk
=020  \\$a9781439812389 (hbk.) :$c£127.00
=020  \\$a1439812381 (hbk.) :$c£127.00
=040  \\$aStDuBDS$beng$cStDuBDS$dUk
=042  \\$aukblsr
=050  00$aQR201.B34$bM648 2011
=082  00$a614.57$223
=245  00$aMolecular detection of human bacterial pathogens /$ceditor, Dongyou Liu.
=260  \\$aBoca Raton, Fla. ;$aLondon :$bCRC,$c2011.
=300  \\$axxvii, 1251 p. :$bill. ;$c29 cm.
=336  \\$atext$2rdacontent
=337  \\$aunmediated$2rdamedia
=338  \\$avolume$2rdacarrier
=500  \\$aFormerly CIP.$5Uk
=504  \\$aIncludes bibliographical references and index.
=520  \\$a"As more original molecular protocols and subsequent modifications are described in the literature, it has become difficult for those not directly involved in the development of these protocols to know which are most appropriate to adopt for accurate identification of bacterial pathogens. Molecular Detection of Human Bacterial Pathogens addresses this issue, with international scientists in respective bacterial pathogen research and diagnosis providing expert summaries on current diagnostic approaches for major human bacterial pathogens. Each chapter consists of a brief review on the classification, epidemiology, clinical features, and diagnosis of an important pathogenic bacterial genus, an outline of clinical sample collection and preparation procedures, a selection of representative stepwise molecular protocols, and a discussion on further research requirements relating to improved diagnosis. This book represents a reliable and convenient reference on molecular detection and identification of major human bacterial pathogens; an indispensable tool for upcoming and experienced medical, veterinary, and industrial laboratory scientists engaged in bacterial characterization; and an essential textbook for undergraduate and graduate students in microbiology"--Provided by publisher.
=650  \0$aPathogenic bacteria.
=650  \0$aBacterial diseases.
=650  \0$aMolecular diagnosis.
=700  1\$aLiu, Dongyou.
=852  11$aBritish Library$bSTI$k(B)614.57
=BUF  \\$aN$d20111103
=CAT  \\$aBATCH-CIPN$b00$c20100720$lBLL01$h1701
=CAT  \\$a11131$b40$c20111103$lBLL01$h1426
=CAT  \\$aBATCH-BUOC$b00$c20111111$lBLL01$h0017
=CAT  \\$aWR16_021$c20160628$lBLL01$h1810
=FIN  \\$aY$d20111103
=FMT  \\$a  BK
=LAS  \\$aWR16_021$b00$c20160628$lBLL01$h1810

