=LDR  01126 am a2200361 a 4500
=001  015620182
=003  Uk
=005  20100809133012.0
=008  100804s2010\\\\enka\\\\\\\\\|0|0\0|eng\\
=015  \\$aGBB094469$2bnb
=016  7\$a015620182$2Uk
=040  \\$aUk$beng$cUk
=042  \\$aukblsr
=082  04$a338.47381094$222
=245  00$aEuropean retail briefing, May 2010.
=260  \\$aLondon :$bMintel International Group,$c2010.
=300  \\$aiv, 52 p. :$bill. ;$c30 cm.
=336  \\$atext$2rdacontent
=337  \\$aunmediated$2rdamedia
=338  \\$avolume$2rdacarrier
=650  \0$aRetail trade$zEurope.
=650  \0$aRetail trade$zEurope$vStatistics.
=650  \0$aMarket surveys$zEurope.
=690  7\$aManagement and Business Studies$2blcoll
=710  2\$aMintel International Group Ltd.
=852  71$aBritish Library$bSTI$2blsrissc
=CAT  \\$a6923$b40$c20100804$lBLL01$h1206
=CAT  \\$a6328$b40$c20100809$lBLL01$h1330
=CAT  \\$aWR16_021$c20160629$lBLL01$h1803
=CAT  \\$aBATCH-MBS$c20160708$lBLL01$h2102
=FIN  \\$aY$d20100809
=FMT  \\$a  BK
=LAS  \\$aBATCH-MBS$b00$c20160708$lBLL01$h2102

