=LDR  01431 am a2200421 a 4500
=001  015625369
=003  Uk
=005  20100816105616.0
=008  100811s2010\\\\enkab\\\\\\\\\000\0\eng\\
=015  \\$aGBB097175$2bnb
=016  7\$a015625369$2Uk
=040  \\$aUk$beng$cUk
=042  \\$aukblsr
=082  04$a624$222
=245  00$aInfrastructure 100.
=260  \\$aLondon :$bInfrastructure Journal,$c2010.
=300  \\$a75 p. :$bill. (chiefly col.), col. maps ;$c30 cm.
=336  \\$atext$2rdacontent
=337  \\$aunmediated$2rdamedia
=338  \\$avolume$2rdacarrier
=500  \\$aResearched by John Kjorstad ... [et al.] and edited by Angus Leslie Melville, John Kjorstad and Gaurav Sharma.
=650  \0$aInfrastructure (Economics)$vCase studies.
=650  \0$aConstruction projects$vCase studies.
=700  1\$aMelville, Angus Leslie.
=700  1\$aKjorstad, John.
=700  1\$aSharma, Gaurav.
=710  2\$aKPMG International.
=740  0\$aInfrastructure journal.
=852  11$aBritish Library$bSTI$cBIPC$kBIPC Trade Literature Collection
=CAT  \\$a10812$b40$c20100811$lBLL01$h1105
=CAT  \\$a10812$b40$c20100811$lBLL01$h1106
=CAT  \\$a5751$b40$c20100813$lBLL01$h1125
=CAT  \\$a5751$b40$c20100813$lBLL01$h1152
=CAT  \\$a8964$b40$c20100816$lBLL01$h1056
=CAT  \\$aWR16_021$c20160629$lBLL01$h1804
=FIN  \\$aY$d20100813
=FMT  \\$a  BK
=LAS  \\$aWR16_021$b00$c20160629$lBLL01$h1804

