=LDR  01542 am a2200469 a 4500
=001  015647445
=003  Uk
=005  20110321085535.0
=008  100913s2010\\\\enka\\\\\s\\\\000\0\eng\\
=015  \\$aGBB136019$2bnb
=016  7\$a015647445$2Uk
=020  \\$a9780862145606 (pbk.)
=040  \\$aUk$beng$cUk
=042  \\$aukblsr
=082  04$a338.47661324$222
=245  00$aSoda ash :$bmarket outlook to 2015.
=250  \\$a11th ed.
=260  \\$aLondon :$bRoskill Information Services,$c2010.
=300  \\$a402 p. :$bcol. ill. ;$c30 cm. +$e1 CD-ROM.
=336  \\$atext$2rdacontent
=337  \\$aunmediated$2rdamedia
=338  \\$avolume$2rdacarrier
=650  \0$aSodium carbonate industry$vStatistics.
=650  \0$aSodium carbonate industry.
=650  \0$aMarket surveys.
=650  \0$aInternational trade$vStatistics.
=690  7\$aManagement and Business Studies$2blcoll
=710  2\$aRoskill Information Services.
=852  71$aBritish Library$bSTI$2blsrissc
=CAT  \\$a8479$b40$c20100913$lBLL01$h0823
=CAT  \\$a8479$b40$c20100913$lBLL01$h0826
=CAT  \\$a8479$b40$c20100913$lBLL01$h0827
=CAT  \\$a8479$b40$c20100913$lBLL01$h0828
=CAT  \\$a8962$b40$c20110318$lBLL01$h1351
=CAT  \\$a8962$b40$c20110321$lBLL01$h0845
=CAT  \\$a8962$b40$c20110321$lBLL01$h0851
=CAT  \\$a8962$b40$c20110321$lBLL01$h0855
=CAT  \\$aWR16_021$c20160629$lBLL01$h1809
=CAT  \\$aBATCH-MBS$c20160708$lBLL01$h2102
=FIN  \\$aY$d20110318
=FMT  \\$a  BK
=LAS  \\$aBATCH-MBS$b00$c20160708$lBLL01$h2102

