=LDR  01056 am a2200337 a 4500
=001  015652144
=003  Uk
=005  20100920100618.0
=008  981203s1989\\\\pl\\\\\\\\\\\\000\0\polod
=035  \\$a(OCoLC)231590848
=040  \\$aGEBAY$beng$cGEBAY$dUk$erakwb
=042  \\$aukblsr
=100  1\$aMackiewicz, Józef.
=245  10$aZwycięstwo prowokacji /$cJózef Mackiewicz
=260  \\$aWarszawa :$bWydawnictwo Baza,$c1989.
=300  \\$a235 p. ;$c20 cm.
=336  \\$atext$2rdacontent
=337  \\$aunmediated$2rdamedia
=338  \\$avolume$2rdacarrier
=500  \\$aPolish samizdat publication.
=600  10$aMackiewicz, Józef.
=650  \0$aCommunism$zPoland.
=651  \0$aPoland$xRelations$zSoviet Union.
=651  \0$aSoviet Union$xRelations$zPoland.
=651  \0$aPoland$xPolitics and government$y1945-1980.
=852  41$aBritish Library$bHMNTS$hSol.218s
=CAT  \\$a10695$b40$c20100920$lBLL01$h0958
=CAT  \\$a10695$b40$c20100920$lBLL01$h1006
=FIN  \\$aY$d20100920
=FMT  \\$a  BK
=LAS  \\$a10695$b40$c20100920$lBLL01$h1006

