=LDR  00975 am a22002897a 4500
=001  015666038
=003  Uk
=005  20101011150122.0
=008  101007s2010\\\\gw\a\\\\\b\\\|001\0|eng\\
=020  \\$a9783443510596
=040  \\$aUk$beng$cUk
=100  1\$aPetersen, Ronald H.,$d1934-
=245  14$aThe Xerula/Oudemansiella complex (Agaricales) /$cRonald H. Petersen and Karen W. Hughes.
=260  \\$aStuttgart :$bJ. Cramer,$c2010.
=300  \\$a625 p. :$bill. (some col.) ;$c24 cm.
=336  \\$atext$2rdacontent
=337  \\$aunmediated$2rdamedia
=338  \\$avolume$2rdacarrier
=490  0\$aNova hedwigia. Beiheft,$x1438-9134 ;$v137
=504  \\$aIncludes bibliographical references and index.
=700  1\$aHughes, Karen W.
=852  71$aBritish Library$bDSC$k(P)$hCX 00$m-G(4)$i137$2blsrissc
=CAT  \\$a8411$b40$c20101007$lBLL01$h1106
=CAT  \\$a8980$b40$c20101011$lBLL01$h1501
=FIN  \\$aY$d20101011
=FMT  \\$a  BK
=LAS  \\$a8980$b40$c20101011$lBLL01$h1501

