=LDR  01329 am a2200385 a 4500
=001  015667368
=003  Uk
=005  20170515093406.0
=008  101011s2010\\\\enka\\\\\b\\\|0|0\0|eng\\
=015  \\$aGBB0C6817$2bnb
=016  7\$a015667368$2Uk
=040  \\$aUk$beng$cUk
=042  \\$aukblsr
=082  04$a720.92$222
=100  1\$aHughes, John M.$q(John Michael)
=245  10$aEdmund Sharpe :$bman of Lancaster, architect, engineer and entrepreneur : an historical record /$cby John M. Hughes.
=260  \\$aStockport :$bJ.M. Hughes,$c2010.
=300  \\$a3 v. :$bill. (some col.) ;$c31 cm. +$e1 CD-ROM.
=336  \\$atext$2rdacontent
=337  \\$aunmediated$2rdamedia
=338  \\$avolume$2rdacarrier
=500  \\$aCD-ROM attached to inside back cover of vol. 3.
=504  \\$aIncludes bibliographical references.
=600  10$aSharpe, Edmund,$d1809-1877.
=650  \0$aArchitects$zGreat Britain$vBiography.
=852  41$aBritish Library$bHMNTS$ivol. 3
=852  41$aBritish Library$bHMNTS$ivol. 1
=852  41$aBritish Library$bHMNTS$ivol. 2
=CAT  \\$a6524$b40$c20101011$lBLL01$h1410
=CAT  \\$a11009$b40$c20101022$lBLL01$h1055
=CAT  \\$aWR16_021$c20160630$lBLL01$h1803
=CAT  \\$a8250$b40$c20170515$lBLL01$h0934
=FIN  \\$aY$d20101022
=FMT  \\$a  BK
=LAS  \\$a8250$b40$c20170515$lBLL01$h0934

