=LDR  01392 as a2200385 a 4500
=001  015684268
=003  Uk
=005  20150402144634.0
=007  ta
=008  101102d2010201uenkar\\\\\\\\\0\\\a0eng\\
=040  \\$aUk$beng$cUk
=042  \\$aukblsr
=082  04$a658.408$222
=110  2\$aVodafone Group.
=245  10$aVodafone Group Plc sustainability report :$bfor the year ending 31 March ...
=246  30$aSustainability report
=260  \\$aNewbury :$bVodafone Group
=300  \\$av. :$bcol. ill., col. ports. ;$c30 cm.
=310  \\$aAnnual
=336  \\$atext$2rdacontent
=337  \\$aunmediated$2rdamedia
=338  \\$avolume$2rdacarrier
=362  1\$aBegan in 2010?
=500  \\$aDescription based on: 2010 report.
=610  20$aVodafone Group$vPeriodicals.
=650  \0$aSocial responsibility of business$vPeriodicals.
=780  00$aVodafone Group.$sCorporate responsibility report (Vodafone Group)
=852  71$aBritish Library$bSTI$cBIPC$kTrade Literature Collection$32010
=CAT  \\$a8124$b40$c20101102$lBLL01$h0907
=CAT  \\$a7778$b40$c20150402$lBLL01$h1446
=FIN  \\$aY$d20101102
=FMT  \\$a  SE
=LAS  \\$a7778$b40$c20150402$lBLL01$h1446
=LKR  \\$aPAR$b013302747$lBLL01$r78000$mVodafone Group Plc sustainability report : for the year ending 31 March ...$nCorporate responsibility report : for the year ended 31 March ... /
=TCO  \\$aCLA$bCLA$c008

