=LDR  01328 as a22003857a 4500
=001  015692516
=003  Uk
=005  20210120144813.0
=007  ta
=008  101111d200u20uuenkuu\\\\\\\\\0\\\a0eng\\
=040  \\$aUk$beng$cUk
=082  04$a338.74$222
=110  2\$aHalos (Firm)
=245  10$a[Annual reports, financial reports, etc.] /$cHalos Limited.
=246  13$aReport and financial statements
=260  \\$aLondon :$bHalos
=300  \\$av.
=336  \\$atext$2rdacontent
=337  \\$aunmediated$2rdamedia
=338  \\$avolume$2rdacarrier
=500  \\$aIncludes strategic and forecasting reports where available.
=500  \\$aDescription based on: Report and financial statements, 2010.
=610  20$aHalos (Firm)$vPeriodicals.
=650  \0$aCorporation reports$zGreat Britain$vPeriodicals.
=650  \0$aBusiness planning$zGreat Britain$vPeriodicals.
=690  7\$aManagement and Business Studies$2blcoll
=852  11$aBritish Library$bSTI$cBIPC$kTrade Literature Collection$32009/2010
=985  \\$aCompany financial reports record. Ac - New 110/610
=CAT  \\$a8124$b40$c20101111$lBLL01$h0950
=CAT  \\$aBATCH-MBS$c20161028$lBLL01$h2114
=CAT  \\$a11205$b40$c20210120$lBLL01$h1448
=FIN  \\$aY$d20101111
=FMT  \\$a  SE
=LAS  \\$a11205$b40$c20210120$lBLL01$h1448
=TCO  \\$aCLA$bCLA$c008

