=LDR  02186cam a2200469 i 4500
=001  015695102
=003  Uk
=005  20131216162902.0
=008  101116s2010\\\\gw\ab\\\\b\\\|0|0\0|ger\\
=FMT  \\$a  BK
=020  \\$a9783929135633
=020  \\$a3929135639
=040  \\$aUk$beng$cUk$erda
=042  \\$aukblsr
=111  2\$aKlosterlandschaft im Fokus von Raum und Zeit (Colloquium)$d(2009 :$cAbtei Himmerod)
=245  10$aHic vere claustrum est beatae Mariae virginis :$b875 Jahre Findung des Klosterortes Himmerod : Festschrift /$cherausgegeben von Abt Bruno Fromme OCist ; Redaktion, Franz Irsigler.
=246  30$a875 Jahre Findung des Klosterortes Himmerod
=246  13$aFestschrift Himmerod
=264  \1$aMainz :$bSelbstverlag der Gesellschaft für mittelrheinische Kirchengeschichte,$c2010.
=300  \\$axi, 689 pages :$billustrations (black and white, and colour), maps (black and white, and colour) ;$c25 cm.
=336  \\$atext$2rdacontent
=337  \\$aunmediated$2rdamedia
=338  \\$avolume$2rdacarrier
=490  0\$aQuellen und Abhandlungen zur mittelrheinischen Kirchengeschichte,$x0480-7480 ;$vBand 127
=500  \\$aProceedings of the conference "Klosterlandschaft im Fokus von Raum und Zeit", held in Abtei Himmerod, 2009.
=504  \\$aIncludes bibliographical references.
=650  \0$aMonasticism and religious orders$zGermany$xHistory$vCongresses.
=610  20$aAbtei Himmerod$xHistory$vCongresses.
=610  20$aCistercians$zGermany$xHistory$vCongresses.
=600  00$aBernard,$cof Clairvaux, Saint,$d1090 or 1091-1153$vCongresses.
=700  1\$aFromme, Bruno,$eeditor of compilation.
=700  1\$aIrsigler, Franz,$eeditor of compilation.
=710  2\$aAbtei Himmerod,$ehost institution.
=710  2\$aGesellschaft für Mittelrheinische Kirchengeschichte,$epublisher.
=852  11$aBritish Library$bHMNTS$kX.0100/505(127)
=CAT  \\$a10926$b40$c20101116$lBLL01$h1413
=CAT  \\$a11069$b40$c20131210$lBLL01$h1416
=CAT  \\$a11069$b40$c20131210$lBLL01$h1417
=CAT  \\$a7416$b40$c20131216$lBLL01$h1629
=CAT  \\$aW2308-1659$c20230923$lBLL01$h1102
=FIN  \\$aY$d20131210
=LAS  \\$aW2308-1659$b00$c20230923$lBLL01$h1102

