=LDR  01298pam a2200397 a 4500
=001  015705656
=003  Uk
=005  20110523110750.0
=008  101123s2011\\\\caua\\\\\b\\\\001\0\eng\d
=015  \\$aGBB0E1876$2bnb
=016  7\$a015705656$2Uk
=020  \\$a9780123821980 (hbk.) :$c£91.00
=020  \\$a0123821983 (hbk.) :$c£91.00
=040  \\$aStDuBDS$beng$cStDuBDS$dUk
=042  \\$aukblcatcopy
=082  04$a617.735$222
=245  04$aThe retina and its disorders /$ceditors, Joseph C. Besharse, Dean Bok.
=260  \\$aSan Diego, Calif. :$bElsevier/Academic Press,$cc2011.
=300  \\$axvi, 912 p. :$bill. ;$c29 cm.
=336  \\$atext$2rdacontent
=337  \\$aunmediated$2rdamedia
=338  \\$avolume$2rdacarrier
=500  \\$aFormerly CIP.$5Uk
=504  \\$aIncludes bibliographical references and index.
=650  \0$aRetina$xDiseases.
=700  1\$aBesharse, Joseph C.
=700  1\$aBok, Dean.
=852  11$aBritish Library$bSTI$k(B)$m617.735
=CAT  \\$aBATCH-CIPN$b00$c20101130$lBLL01$h1701
=CAT  \\$a10812$b40$c20110516$lBLL01$h1405
=CAT  \\$a6632$b40$c20110518$lBLL01$h1410
=CAT  \\$a8964$b40$c20110523$lBLL01$h1107
=CAT  \\$aWR16_021$c20160701$lBLL01$h1803
=FIN  \\$aY$d20110518
=FMT  \\$a  BK
=LAS  \\$aWR16_021$b00$c20160701$lBLL01$h1803

