=LDR  01194 am a2200373 a 4500
=001  015741524
=003  Uk
=005  20110202165130.0
=008  110128s2011\\\\gw\a\\\\\b\\\|0|1\0|ger\\
=015  \\$aGBB116713$2bnb
=016  7\$a015741524$2Uk
=020  \\$a9783527322572
=040  \\$aUk$beng$cUk
=042  \\$aukblsr
=082  04$a669.95$222
=245  00$aMetallografie :$bmit einer Einführung in die Keramografie /$cherausgegeben von Heinrich Oettel und Hermann Schumann.
=250  \\$a15. überarbeitete und erw. Aufl.
=260  \\$aWeinheim :$bWiley-VCH,$c2011.
=300  \\$axv, 933 p. :$bill. ;$c25 cm.
=336  \\$atext$2rdacontent
=337  \\$aunmediated$2rdamedia
=338  \\$avolume$2rdacarrier
=504  \\$aIncludes bibliographical references and index.
=650  \0$aMetallography.
=650  \0$aCeramography.
=700  1\$aOettel, Heinrich.
=700  1\$aSchumann, Hermann,$d1924-
=852  11$aBritish Library$bHMNTS$k(B)$h669.95
=CAT  \\$a11168$b40$c20110128$lBLL01$h0913
=CAT  \\$a6470$b40$c20110202$lBLL01$h1651
=CAT  \\$aWR16_021$c20160701$lBLL01$h1810
=FIN  \\$aY$d20110202
=FMT  \\$a  BK
=LAS  \\$aWR16_021$b00$c20160701$lBLL01$h1810

