=LDR  01268 as a22003617a 4500
=001  015774289
=003  Uk
=005  20110603113335.0
=007  ta
=008  110318c20119999enkbr\p\\\\\\\0\\\a0eng\\
=022  0\$a2046-729X$202
=040  \\$aUk$beng$cUk
=042  \\$aissnuk
=130  0\$aTattoos only (German edition)
=222  \0$aTattoos only$b(German ed.)
=245  10$aTattoos only.
=260  \\$aWitham :$bHaversham Publications
=310  \\$aBimonthly
=336  \\$atext$2rdacontent
=337  \\$aunmediated$2rdamedia
=338  \\$avolume$2rdacarrier
=852  41$aBritish Library$bHMNTS$tHMNTS$3No. 3 (2011)
=985  \\$aISSN description based on: Nr. 3 (2011).
=985  \\$aRecord used to process LDO Continuation parts - will require full cataloguing when first issue is retrieved from the serials cataloguing backlog. Once catalogued please route to LDO 1st project so item can be accessioned.
=CAT  \\$a11313$b40$c20110318$lBLL01$h1328
=CAT  \\$a11313$b40$c20110318$lBLL01$h1402
=CAT  \\$a11313$b40$c20110321$lBLL01$h1120
=CAT  \\$a10997$b40$c20110427$lBLL01$h1356
=CAT  \\$a10973$b40$c20110603$lBLL01$h1133
=FIN  \\$aY$d20110603
=FMT  \\$a  SE
=LAS  \\$a10973$b40$c20110603$lBLL01$h1133
=TCO  \\$aCLA$bCLA$c008

