=LDR  01349pam a2200409 a 4500
=001  015781408
=003  Uk
=005  20111209084546.0
=008  110323s2012\\\\njua\\\\\b\\\\001\0\eng\d
=015  \\$aGBB141071$2bnb
=016  7\$a015781408$2Uk
=020  \\$a9781607617341 (hbk.) :$c£126.00
=020  \\$a160761734X (hbk.) :$c£126.00
=020  \\$z9781607617358 (e-ISBN)
=040  \\$aStDuBDS$beng$cStDuBDS$dUk
=042  \\$aukblcatcopy
=082  04$a616.8498$222
=245  00$aEssentials of sleep medicine :$ban approach for clinical pulmonology /$cedited by M. Safwan Badr.
=260  \\$aTotowa, N.J. :$bHumana,$cc2012.
=300  \\$axi, 416 p. :$bill. ;$c24 cm.
=336  \\$atext$2rdacontent
=337  \\$aunmediated$2rdamedia
=338  \\$avolume$2rdacarrier
=490  0\$aRespiratory medicine
=500  \\$aFormerly CIP.$5Uk
=504  \\$aIncludes bibliographical references and index.
=650  \0$aSleep disorders.
=700  1\$aBadr, M. Safwan.
=852  11$aBritish Library$bSTI$k(B)616.8498
=CAT  \\$aBATCH-CIPN$b00$c20110329$lBLL01$h1701
=CAT  \\$a11168$b40$c20111207$lBLL01$h0751
=CAT  \\$a9657$b40$c20111208$lBLL01$h1231
=CAT  \\$a9666$b40$c20111209$lBLL01$h0845
=CAT  \\$aWR16_021$c20160701$lBLL01$h1819
=FIN  \\$aY$d20111208
=FMT  \\$a  BK
=LAS  \\$aWR16_021$b00$c20160701$lBLL01$h1819

