=LDR  01609pam a2200457 a 4500
=001  015781949
=003  Uk
=005  20130313150421.0
=008  110322s2012\\\\ilua\\\\\b\\\\001|0\eng|d
=015  \\$aGBB141612$2bnb
=016  7\$a015781949$2Uk
=020  \\$a9780892036332 (hbk.) :$c£160.00
=020  \\$a0892036338 (hbk.) :$c£160.00
=040  \\$aStDuBDS$beng$cStDuBDS$dUk
=042  \\$aukblcatcopy
=082  04$a616.70088796$222
=245  00$aOrthopaedic care of the mature athlete /$cAndrew L.Chen, editor; Nicholas A. DiNubile, Richard J. Hawkins, John M. Tokish, section editors.
=260  \\$aRosemont, Ill. :$bAmerican Academy of Orthopaedic Surgeons,$c2012.
=300  \\$axviii, 545 pages :$billustrations ;$c24 cm
=336  \\$atext$2rdacontent
=337  \\$aunmediated$2rdamedia
=338  \\$avolume$2rdacarrier
=500  \\$aFormerly CIP.$5Uk
=504  \\$aIncludes bibliographical references and index.
=650  \0$aOrthopedics.
=650  \0$aSports medicine.
=650  \0$aSports injuries$xTreatment.
=650  \0$aOlder athletes$xWounds and injuries$xTreatment.
=650  \0$aOlder athletes$xMedical care.
=700  1\$aChen, Andrew L.
=700  1\$aDiNubile, Nicholas A.
=700  1\$aHawkins, Richard J.
=700  1\$aTokish, John M.
=852  11$aBritish Library$bSTI$k616.70088796
=CAT  \\$aBATCH-CIPN$b00$c20110329$lBLL01$h1701
=CAT  \\$a10904$b40$c20130222$lBLL01$h0749
=CAT  \\$a5512$b40$c20130313$lBLL01$h1504
=CAT  \\$aWR16_021$c20160701$lBLL01$h1819
=FIN  \\$aY$d20130222
=FMT  \\$a  BK
=LAS  \\$aWR16_021$b00$c20160701$lBLL01$h1819

