=LDR  00934 am a2200253 a 4500
=001  015805931
=003  Uk
=005  20110511140431.0
=008  921117s1929\\\\sp\abg\\\\\\\\000\0\spa\d
=035  \\$a(OCoLC)26983182
=040  \\$aUk$beng$cUk
=042  \\$aukblsr
=245  00$aMemories de missions de recerca, cronica /$cper Just Sansalvador i Cortès ; Barberà-Bohigas ; Joan Tomàs ; Baltasar Samper ; Joan Puntí i Collell, prev.
=260  \\$aBarcelona :$bFundació Concepcio Rabell i Cibils, Vda. Romaguera,$c1929.
=300  \\$a487 p. :$bill., textes musicaux, cartes ;$c29 cm.
=336  \\$atext$2rdacontent
=337  \\$aunmediated$2rdamedia
=338  \\$avolume$2rdacarrier
=490  0\$aObra del cançoner popular de Catalunya : materials ;$v3
=852  41$aBritish Library$bHMNTS$iAc.8882[3]
=CAT  \\$a9465$b40$c20110511$lBLL01$h1404
=FMT  \\$a  BK
=LAS  \\$a9465$b40$c20110511$lBLL01$h1404
=SID  \\$aZ39$bOCLC

