=LDR  00980 am a2200253 a 4500
=001  015806003
=003  Uk
=005  20110511145112.0
=008  921117s1928\\\\sp\ag\\\\\\\\\000\0\spa\d
=035  \\$a(OCoLC)26984281
=040  \\$aUk$beng$cUk
=042  \\$aukblsr
=245  00$aMemories de missions de recerca,$bestudis monogràfics, cronica /$cper Joan Puntí i Collell, prev. ; Josep Barberà-Pere Bohigas ; Francesc Pujol ; Francesch Matheu ; Joan Tomàs ; Francesc Baldelló, prev.
=260  \\$aBarcelona :$bFundació Concepció Rabell i Cibils, Vda Roma-guera,$c1928.
=300  \\$a455 p. :$bill., textes musicaux ;$c28 cm.
=336  \\$atext$2rdacontent
=337  \\$aunmediated$2rdamedia
=338  \\$avolume$2rdacarrier
=490  0\$aObra del cançoner popular de Catalunya : materials ;$v2
=852  41$aBritish Library$bHMNTS$iAc.8882[2]
=CAT  \\$a9465$b40$c20110511$lBLL01$h1451
=FMT  \\$a  BK
=LAS  \\$a9465$b40$c20110511$lBLL01$h1451
=SID  \\$aZ39$bOCLC

