=LDR  01451pam a2200409 i 4500
=001  015817203
=003  Uk
=005  20130425082914.0
=008  110530s2013\\\\nyua\\\\\b\\\|0|1\0|eng|d
=015  \\$aGBB165526$2bnb
=016  7\$a015817203$2Uk
=020  \\$a9781613246719 (set) :$c£270.99
=020  \\$a1613246714 (set) :$c£270.99
=040  \\$aStDuBDS$beng$cStDuBDS$dUk$erda
=042  \\$aukblsr
=082  04$a621.303$223
=245  00$aEncyclopedia of electrical engineering research /$cZachary L. Fink, editor.
=264  \1$aNew York :$bNova Publishers,$c[2013]
=300  \\$a2 volumes (xviii, 584 pages) :$billustrations (black and white) ;$c26 cm.
=336  \\$atext$2rdacontent
=337  \\$aunmediated$2rdamedia
=338  \\$avolume$2rdacarrier
=490  0\$aElectrical engineering developments
=500  \\$aFormerly CIP.$5Uk
=504  \\$aIncludes bibliographical references and index.
=650  \0$aElectrical engineering$vEncyclopedias.
=700  1\$aFink, Zachary L.,$eeditor of compilation.
=852  11$aBritish Library$bSTI$k(B)621.303
=852  11$aBritish Library$bSTI$k(B)621.303
=CAT  \\$aBATCH-CIPN$b00$c20110531$lBLL01$h1701
=CAT  \\$a6524$b40$c20130423$lBLL01$h0731
=CAT  \\$a11250$b40$c20130425$lBLL01$h0829
=CAT  \\$aWR16_021$c20160701$lBLL01$h1826
=CAT  \\$aBATCH-UPD$b00$c20160701$lBLL01$h2122
=FIN  \\$aY$d20130425
=FMT  \\$a  BK
=LAS  \\$aBATCH-UPD$b00$c20160701$lBLL01$h2122

