=LDR  00936 as a2200289 a 4500
=001  015823682
=003  Uk
=005  20110610144505.0
=007  ta
=008  110610c20119999enkuu\p\\cc\\\0\\\a0eng\\
=040  \\$aUk$beng$cUk
=042  \\$aukblsr
=082  04$a610.7$222
=245  00$aHealth professional catalogue :$bbringing health education to life.
=260  \\$aPulborough :$bWRS Group UK,$c2011-
=300  \\$av. :$bcol. ill. ;$c27 cm.
=336  \\$atext$2rdacontent
=337  \\$aunmediated$2rdamedia
=338  \\$avolume$2rdacarrier
=362  0\$aEdition 1, 2011-
=852  41$aBritish Library$bSTI$cBIPC$kHMNTS Literature Collection$3Ed. 1 (2011), ed. 3 (2014)
=985  \\$aCatalogue of health related gadgets and demonstration models. LCSH not applied. (LH 10/6/11)
=CAT  \\$a5110$b40$c20110610$lBLL01$h1445
=FIN  \\$aY$d20110610
=FMT  \\$a  SE
=LAS  \\$a5110$b40$c20110610$lBLL01$h1445
=TCO  \\$aCLA$bCLA$c008

