=LDR  01142 as a2200361 a 4500
=001  015838575
=003  Uk
=005  20210913113648.0
=007  ta
=008  110630d200u2011enkqr\p\\\\\\\0\\\a0eng\\
=015  \\$aGBB179123$2bnb
=040  \\$aUk$beng$cUk
=042  \\$aukblsr
=082  04$a651.205$223
=130  0\$aInsight (Feltham, London, England)
=245  10$aInsight :$bthe magazine of Ricoh UK.
=260  \\$aFeltham :$bRicoh UK
=300  \\$av. :$bill. (some col.), col. ports. ;$c30 cm.
=310  \\$aQuarterly
=336  \\$atext$2rdacontent
=337  \\$aunmediated$2rdamedia
=338  \\$avolume$2rdacarrier
=588  \\$aDescription based on: Spring 2011 issue.
=610  20$aRicoh UK Products (Firm)$vPeriodicals.
=650  \0$aOffice equipment and supplies$zGreat Britain$vPeriodicals.
=710  2\$aRicoh UK Products (Firm)
=852  41$aBritish Library$bSTI$cBIPC$kTrade Literature Collection$3Spring (2011)
=CAT  \\$a11205$b40$c20110630$lBLL01$h0910
=CAT  \\$a6490$b40$c20210913$lBLL01$h1136
=FIN  \\$aY$d20110630
=FMT  \\$a  SE
=LAS  \\$a6490$b40$c20210913$lBLL01$h1136
=TCO  \\$aCLA$bCLA$c008

