=LDR  01485 as a2200421 a 4500
=001  015866849
=003  Uk
=005  20110817081121.0
=007  ta
=008  110811c200u9999fr\uu\p\\\\\\\0\\\a0eng\\
=040  \\$aUk$beng$cUk
=042  \\$aukblsr
=082  04$a658.408$223
=110  2\$aTOTAL (Firm)
=245  10$aSociety and environment report /$cTotal.
=260  \\$aParis :$bTotal S.A.
=300  \\$av. :$bcol. ill., col. ports. ;$c26 cm.
=336  \\$atext$2rdacontent
=337  \\$aunmediated$2rdamedia
=338  \\$avolume$2rdacarrier
=588  \\$aDescription based on: 2010 issue.
=610  20$aTOTAL (Firm)$vPeriodicals.
=650  \0$aEnvironmental responsibility$vPeriodicals.
=650  \0$aSocial responsibility of business$vPeriodicals.
=650  \0$aPetroleum industry and trade$xEnvironmental aspects$vPeriodicals.
=650  \0$aGas industry$xEnvironmental aspects$vPeriodicals.
=650  \0$aPetroleum industry and trade$xSafety measures$vPeriodicals.
=650  \0$aGas industry$xSafety measures$vPeriodicals.
=690  7\$aManagement and Business Studies$2blcoll
=852  11$aBritish Library$bSTI$cBIPC$kTrade Literature Collection$32010
=CAT  \\$a8124$b40$c20110811$lBLL01$h1503
=CAT  \\$a5100$b40$c20110817$lBLL01$h0811
=CAT  \\$aBATCH-UPD$b40$c20110817$lBLL01$h0815
=CAT  \\$aBATCH-MBS$c20180126$lBLL01$h2131
=FIN  \\$aY$d20110811
=FMT  \\$a  SE
=LAS  \\$aBATCH-MBS$b00$c20180126$lBLL01$h2131
=TCO  \\$aFRA$bCFC$c008

