=LDR  01212cas a2200373 a 4500
=001  015867475
=003  Uk
=005  20220221174952.0
=007  ta
=008  110815d20112014enkuu\p\\\\\\\0\\\a0eng\\
=FMT  \\$a  SE
=015  \\$aGBB195763$2bnb
=040  \\$aUk$beng$cUk
=042  \\$aukblsr
=082  04$a621.3205$223
=245  04$aThe lighting standard.
=260  \\$a[Guildford] :$bPhilips,$c[2011]-2014
=300  \\$av. :$bill. (some col.), col. ports. ;$c36 cm.
=336  \\$atext$2rdacontent
=337  \\$aunmediated$2rdamedia
=338  \\$avolume$2rdacarrier
=362  1\$aBegan with May 2011 issue.
=588  \\$aDescription based on: Aug. 2011 issue.
=610  20$aPhilips Electronics N.V.$vPeriodicals.
=650  \0$aLighting$vPeriodicals.
=650  \0$aLighting$xEnvironmental aspects$vPeriodicals.
=650  \0$aLighting$xTechnological innovations$vPeriodicals.
=710  2\$aPhilips Electronics N.V.
=852  11$aBritish Library$bSTI$cBIPC$kTrade Literature Collection$3Aug. (2011)-(Apr. 2014)
=CAT  \\$a11205$b40$c20110815$lBLL01$h0845
=CAT  \\$a7764$b40$c20220221$lBLL01$h1749
=FIN  \\$aY$d20110815
=TCO  \\$aCLA$bCLA$c008
=LAS  \\$a7764$b40$c20220221$lBLL01$h1749

