=LDR  01583pam a2200469 a 4500
=001  015873821
=003  Uk
=005  20121023154315.0
=008  110818s2012\\\\ne\a\\\\\b\\\|0|1\0|eng\d
=015  \\$aGBB198735$2bnb
=016  7\$a015873821$2Uk
=020  \\$a9780123694973 :$c£155.00
=020  \\$a0123694973 :$c£155.00
=035  \\$a(UkOxU)019311107
=035  \\$a(Uk)015873821
=035  \\$a(StEdALDL)1/2666371
=040  \\$aStDuBDS$beng$cStDuBDS$dUkOxU$dUk
=042  \\$aukscp
=082  04$a573.81935$223
=245  04$aThe mouse nervous system /$cedited by Charles Watson, George Paxinos, Luis Puelles.
=260  \\$aAmsterdam :$bAcademic Press,$c2012.
=300  \\$axvii, 795 p. :$bill. (some col.) ;$c29 cm.
=336  \\$atext$2rdacontent
=337  \\$aunmediated$2rdamedia
=338  \\$avolume$2rdacarrier
=504  \\$aIncludes bibliographical references and index.
=650  \0$aMice$xNervous system.
=700  1\$aWatson, Charles,$d1943-
=700  1\$aPaxinos, George,$d1944-
=700  1\$aPuelles, L.$q(Luis).
=852  11$aBritish Library$bSTI$k(B)573.81935
=985  \\$aLDL record matched & merged
=CAT  \\$aBATCH-CIPN$b00$c20110823$lBLL01$h1700
=CAT  \\$aBATCH-LDLE$b00$c20120514$lBLL01$h2103
=CAT  \\$aBATCH-LDLL$b00$c20120514$lBLL01$h2104
=CAT  \\$aBATCH-LDL4$b00$c20120514$lBLL01$h2104
=CAT  \\$a5447$b40$c20121023$lBLL01$h1543
=CAT  \\$aWR16_021$c20160702$lBLL01$h1814
=CAT  \\$aBATCH-UPD$b00$c20180523$lBLL01$h1118
=FIN  \\$aY$d20121023
=FMT  \\$a  BK
=LAS  \\$aBATCH-UPD$b00$c20180523$lBLL01$h1118

