=LDR  01341cas a22003977a 4500
=001  015877784
=003  Uk
=005  20110902155156.0
=007  ta
=008  110826c19uu9999enkuu\\\\\\\\\0\\\a0eng\\
=FMT  \\$a  SE
=040  \\$aUk$beng$cUk
=082  04$a338.74$223
=110  2\$aStewart & Wight plc.
=245  10$a[Annual reports, financial reports, etc.] /$cStewart & Wight plc.
=246  13$aReport & accounts
=260  \\$aLondon :$bStewart & Wight
=300  \\$av.
=336  \\$atext$2rdacontent
=337  \\$aunmediated$2rdamedia
=338  \\$avolume$2rdacarrier
=500  \\$aIncludes strategic and forecasting reports where available.
=588  \\$aDescription based on: Report & accounts, 2011.
=610  20$aStewart & Wight plc$vPeriodicals.
=650  \0$aCorporation reports$zGreat Britain$vPeriodicals.
=650  \0$aBusiness planning$zGreat Britain$vPeriodicals.
=690  7\$aManagement and Business Studies$2blcoll
=852  41$aBritish Library$bSTI$cBIPC$kBIS$32005-2017
=985  \\$aCompany financial reports record.
=CAT  \\$a8323$b40$c20110826$lBLL01$h1146
=CAT  \\$a8323$b40$c20110826$lBLL01$h1150
=CAT  \\$a9572$b40$c20110902$lBLL01$h1551
=CAT  \\$aBATCH-MBS$c20160805$lBLL01$h2110
=FIN  \\$aY$d20110826
=TCO  \\$aCLA$bCLA$c008
=LAS  \\$aBATCH-MBS$b00$c20160805$lBLL01$h2110

