=LDR  01418 as a22003977a 4500
=001  015877827
=003  Uk
=005  20210126120731.0
=007  ta
=008  110826d200u201uenkuu\p\\\\\\\0\\\a0eng\\
=040  \\$aUk$beng$cUk
=082  04$a338.74$223
=110  2\$aCapital Management & Investment (Firm)
=245  10$a[Annual reports, financial reports, etc.] /$cCapital Management & Investment.
=246  13$aReport & accounts
=260  \\$aLondon :$bCapital Management & Investment plc,$c-[2019?]
=300  \\$av.
=336  \\$atext$2rdacontent
=337  \\$aunmediated$2rdamedia
=338  \\$avolume$2rdacarrier
=500  \\$aIncludes strategic and forecasting reports where available.
=588  \\$aDescription based on: Report & accounts, 2011.
=610  20$aCapital Management & Investment (Firm)$vPeriodicals.
=650  \0$aCorporation reports$zGreat Britain$vPeriodicals.
=650  \0$aBusiness planning$zGreat Britain$vPeriodicals.
=690  7\$aManagement and Business Studies$2blcoll
=852  71$aBritish Library$bSTI$cBIPC$kBIS$32011-2015
=985  \\$aCompany financial reports record.
=CAT  \\$a8323$b40$c20110826$lBLL01$h1213
=CAT  \\$a9572$b40$c20110902$lBLL01$h1542
=CAT  \\$aBATCH-MBS$c20161028$lBLL01$h2114
=CAT  \\$a11205$b40$c20210126$lBLL01$h1207
=FIN  \\$aY$d20110826
=FMT  \\$a  SE
=LAS  \\$a11205$b40$c20210126$lBLL01$h1207
=TCO  \\$aCLA$bCLA$c008

