=LDR  01570cas a22004097a 4500
=001  015883080
=003  Uk
=005  20170801115810.0
=007  ta
=008  110905c196u9999enkuu\\\\\\\\\0\\\a0eng\\
=FMT  \\$a  SE
=040  \\$aUk$beng$cUk$dUk
=082  04$a338.76$223
=110  2\$aOxford Instruments.
=245  10$a[Annual reports, financial reports, etc.] /$cOxford Instruments plc.
=246  13$aReports and financial statements
=246  13$aReport and financial statements
=260  \\$aAbingdon :$bOxford Instruments
=336  \\$atext$2rdacontent
=337  \\$aunmediated$2rdamedia
=338  \\$avolume$2rdacarrier
=500  \\$aIncludes strategic and forecasting reports where available.
=588  \\$aDescription based on: Reports and financial statements, 2011.
=588  \\$aLatest issue consulted: Report and financial statements, 2017.
=610  20$aOxford Instruments$vPeriodicals.
=650  \0$aCorporation reports$zGreat Britain$vPeriodicals.
=650  \0$aBusiness planning$zGreat Britain$vPeriodicals.
=690  7\$aManagement and Business Studies$2blcoll
=852  41$aBritish Library$bSTI$cBIPC$kBIS$32011-
=985  \\$aCompany financial reports record.
=CAT  \\$a8323$b40$c20110905$lBLL01$h1027
=CAT  \\$aBATCH-MBS$c20161028$lBLL01$h2114
=CAT  \\$a8124$b40$c20170801$lBLL01$h1158
=FIN  \\$aY$d20110905
=LKR  \\$aPAR$b008563429$lBLL01$nAnnual report and accounts (Oxford Instruments )$m[Annual reports, financial reports, etc.]$r78000
=TCO  \\$aCLA$bCLA$c008
=LAS  \\$a8124$b40$c20170801$lBLL01$h1158

