=LDR  00855 as a22002533a 4500
=001  015892334
=003  Uk
=005  20200417184440.0
=008  110915c\\\\9999\\\|\|p\\\\\\\\\\\a0eng\\
=100  \\$aWessex area Citizens Advice Burue
=245  \0$aAnnual report/ Wessex area Citizens Advice Burue.
=260  \\$aWexxex area :$bWessex area Citizens Advice Burue.
=336  \\$atext$2rdacontent
=337  \\$aunmediated$2rdamedia
=338  \\$avolume$2rdacarrier
=852  41$aBritish Library$bHMNTS$xNPL$3Issue (1979-82)
=985  \\$aUpgraded by BSS-generated file for WR1910-0531
=CAT  \\$a12025$b40$c20110915$lBLL01$h1449
=CAT  \\$aBATCH-TCO$c20120117$lBLL01$h0039
=CAT  \\$aFIX-001$c20151007$lBLL01$h1806
=CAT  \\$aW1910-0531$b00$c20200417$lBLL01$h1844
=FMT  \\$a  SE
=LAS  \\$aW1910-0531$b00$c20200417$lBLL01$h1844
=TCO  \\$aZZZ$c008

