=LDR  01486 am a22004217a 4500
=001  015905718
=003  Uk
=005  20111020105527.0
=008  100722s2010\\\\gw\a\\\\\b\\\\001\0\eng\d
=020  \\$a9783642120589
=020  \\$a364212058X
=020  \\$z9783642120596 (e-ISBN)
=035  \\$a(OCoLC)649719923$z(OCoLC)626823440
=040  \\$aCAI$cCAI$dYDXCP$dCDX$dGWDNB$dOHX$dOCLCQ$dUk
=042  \\$aukblderived
=050  \4$aQC793.5.E627$bI52 2010
=082  04$a539.735$222
=245  00$aInnovative technological materials :$bstructural properties by neutron scattering, synchrotron radiation and modeling /$cFranco Rustichelli, Jacek J. Skrzypek, editors ; G. Albertini ... [et al.].
=260  \\$aHeidelberg ;$aNew York :$bSpringer,$cc2010.
=300  \\$axxii, 279 p. :$bill. ;$c25 cm.
=336  \\$atext$2rdacontent
=337  \\$aunmediated$2rdamedia
=338  \\$avolume$2rdacarrier
=504  \\$aIncludes bibliographical references (p. [255]-264) and index.
=650  \0$aSynchrotron radiation.
=650  \0$aSmall-angle scattering.
=650  \0$aMaterials science.
=700  1\$aRustichelli, Franco.
=700  1\$aSkrzypek, Jacek.
=700  1\$aAlbertini, G.
=852  11$aBritish Library$bSTI$k539.735
=CAT  \\$a3563$b40$c20111006$lBLL01$h1424
=CAT  \\$a11002$b40$c20111020$lBLL01$h1055
=CAT  \\$aW1707-0052$c20170703$lBLL01$h1916
=FIN  \\$aY$d20111020
=FMT  \\$a  BK
=LAS  \\$aW1707-0052$b00$c20170703$lBLL01$h1916
=SID  \\$aZ39$bOCLC

