=LDR  00992 am a2200289 a 4500
=001  015957824
=003  Uk
=005  20111028140748.0
=008  070227s1960\\\\th\\\\\\\\\\\\000\0\tha\\
=040  \\$aUk$beng$cUk
=042  \\$aukblsr
=100  0\$aBunkhit Watcharasāt,$d1935-
=245  10$aPhrathammathētsanā phư̄nmư̄angnư̄a rư̄ang Nāng Kinnarī phūk thī 1 /$crīap rīang čhāk chabap dœ̄m dōi Bunkhit Watcharasāt.
=260  \\$aChīang Mai :$bThārā thǭng kānphim,$c[196-?]
=300  \\$a[9] p. ;$c33.4 x 4.6 cm.
=336  \\$atext$2rdacontent
=337  \\$aunmediated$2rdamedia
=338  \\$avolume$2rdacarrier
=500  \\$aFolding book.
=546  \\$aIn Thai.
=650  \0$aBuddhist literature, Thai.
=852  \\$aBritish Library$bOC$hOrb.Misc/152 (7)
=CAT  \\$a12282$b40$c20111028$lBLL01$h1407
=CAT  \\$aBATCH-UPD$b40$c20170323$lBLL01$h2045
=FIN  \\$aY$d20111028
=FMT  \\$a  BK
=LAS  \\$aBATCH-UPD$b40$c20170323$lBLL01$h2045

