=LDR  03080cas a2200733 a 4500
=001  015961766
=003  Uk
=005  20230210011018.0
=007  ta
=008  111104d20112013enkmr\p\\\\\\\0\\\a0eng\\
=FMT  \\$a  SE
=015  \\$aGBB205559$2bnb
=022  0\$a2049-2464$202
=040  \\$aUk$beng$cUk$dUk
=042  \\$aissnuk$aukblsr
=082  04$a330.961100112$223
=222  \0$aTunisia business forecast report
=245  00$aTunisia business forecast report :$bincludes 10-year forecast ...
=260  \\$aLondon :$bBusiness Monitor International,$c2011-[2013]
=300  \\$av. :$bill. ;$c30 cm.
=310  \\$aMonthly
=336  \\$atext$2rdacontent
=337  \\$aunmediated$2rdamedia
=338  \\$avolume$2rdacarrier
=362  0\$a2012/Q1-
=362  1\$aCeased in 2013.
=540  \\$aCurrent Copyright Fee: GBP25.00$c0$5Uk
=650  \0$aEconomic surveys$zTunisia$vPeriodicals.
=650  \0$aEconomic forecasting$zTunisia$vPeriodicals.
=651  \0$aTunisia$xEconomic policy$vPeriodicals.
=651  \0$aTunisia$xEconomic conditions$vPeriodicals.
=690  7\$aManagement and Business Studies$2blcoll
=710  2\$aBusiness Monitor International.
=776  08$iContinued online:$tTunisia business forecast report$x2058-4199
=852  11$aBritish Library$bSTI$cBIPC$k(P) 330.00112$m-E(1) Business$3Quarter 1 (2012)-quarter 2 (2013)***Incomplete stock please check at shelf; From 2012- available electronically***title now taken as electronic copy only
=CAT  \\$a10973$b40$c20111104$lBLL01$h1056
=CAT  \\$aBATCH-TCO$c20120117$lBLL01$h0039
=CAT  \\$a5997$b40$c20120121$lBLL01$h1104
=CAT  \\$aBATCH-MBS$c20120323$lBLL01$h2104
=CAT  \\$aBATCH-UPD$b00$c20130318$lBLL01$h2053
=CAT  \\$a7778$b40$c20140415$lBLL01$h1445
=CAT  \\$a10806$b40$c20150129$lBLL01$h1356
=CAT  \\$a10806$b40$c20150129$lBLL01$h1401
=CAT  \\$aBATCH-CLA$b00$c20150828$lBLL01$h1541
=CAT  \\$aIPL-CLA$c20150930$lBLL01$h1843
=CAT  \\$aBATCH-CLA$b00$c20190909$lBLL01$h1718
=CAT  \\$aIPL-CLA$c20190930$lBLL01$h1650
=CAT  \\$aBATCH-CLA$b00$c20191129$lBLL01$h1619
=CAT  \\$aIPL-CLA$c20191231$lBLL01$h2029
=CAT  \\$aBATCH-CLA$b00$c20201126$lBLL01$h1401
=CAT  \\$aIPL-CLA$c20201231$lBLL01$h2330
=CAT  \\$aBATCH-CLA$b00$c20221130$lBLL01$h1430
=CAT  \\$aIPL-CLA$c20221231$lBLL01$h2309
=CAT  \\$aBATCH-CLA$b00$c20230209$lBLL01$h1518
=CAT  \\$aIPL-CLA$c20230210$lBLL01$h0110
=CFI  0\$aCurrent Copyright Fee: GBP25.00$c0$e09-feb-2023$fGBP25.00$g0$hC$5Uk
=CFI  2\$aBritish Library not licensed to copy$c0$e01-jan-2023$hC$iCFP Excluded$5Uk
=FIN  \\$aY$d20120121
=TCO  \\$aCLA$bCLA$c008
=ACF  \\$aPrevious Copyright Fee: GBP100.00$c0$e01-oct-2015$fGBP100.00$g0$hC$5Uk
=ACF  \\$aPrevious Copyright Fee: GBP17.50$c0$e01-oct-2019$fGBP17.50$g0$hC$5Uk
=ACF  \\$aPrevious Copyright Fee: GBP20.00$c0$e01-jan-2020$fGBP20.00$g0$hC$5Uk
=ACF  \\$aPrevious Copyright Fee: GBP22.50$c0$e01-jan-2021$fGBP22.50$g0$hC$5Uk
=LAS  \\$aIPL-CLA$b00$c20230210$lBLL01$h0110

