=LDR  02768pam a2200565 a 4500
=001  015973699
=003  Uk
=005  20140210090102.0
=008  120322m20129999nyua\\\\\6\\\\000\1\eng\d
=015  \\$aGBB1D3725$2bnb
=016  7\$a015973699$2Uk
=020  \\$a9780316182010 (v. 1 : pbk.)
=020  \\$a031618201X (v. 1 : pbk.)
=035  \\$a(OCoLC)781278237
=040  \\$aStDuBDS$beng$cStDuBDS$dUk
=042  \\$aukblsr
=043  \\$ae-uk-en
=082  04$a741.5973$223
=100  1\$aCarriger, Gail.
=245  10$aSoulless :$bthe manga /$c[Gail Carriger, Rem ; art and adaptation, Rem ; lettering, JuYoun Lee].
=250  \\$a1st Yen Press ed.
=260  \\$aNew York, NY :$bYen Press,$c2012-
=300  \\$av. :$bchiefly ill. (some col.) ;$c21 cm.
=336  \\$atext$2rdacontent
=337  \\$aunmediated$2rdamedia
=338  \\$avolume$2rdacarrier
=500  \\$aTitle and author statement from colophon.
=500  \\$aFormerly CIP.$5Uk
=520  \\$a"Alexia Tarabotti is laboring under a great many social tribulations. First, she has no soul. Second, she's a spinster whose father is both Italian and dead. Third, she was rudely attacked by a vampire, breaking all standards of social etiquette. Where to go from there? From bad to worse apparently, for Alexia accidentally kills the vampire -- and then the appalling Lord Maccon (loud, messy, gorgeous, and werewolf) is sent by Queen Victoria to investigate. With unexpected vampires appearing and expected vampires disappearing, everyone seems to believe Alexia responsible. Can she figure out what is actually happening to London's high society? Or will her soulless ability to negate supernatural powers prove useful or just plain embarrassing? Finally, who is the real enemy, and do they have treacle tart?"--Amazon.com (viewed February 23, 2012).
=521  8\$aOT, older teen.
=650  \0$aWerewolves$vComic books, strips, etc.
=650  \0$aSupernatural$vComic books, strips, etc.
=650  \0$aVampires$vComic books, strips, etc.
=650  \0$aSteampunk comic books, strips, etc.
=650  \0$aFantasy comic books, strips, etc.
=651  \0$aLondon (England)$xSocial life and customs$y19th century$vComic books, strips, etc.
=655  \0$aGraphic novels.
=700  0\$aRem$q(Priscilla Hamby).
=700  1\$aLee, JuYoun.
=852  41$aBritish Library$bHMNTS$ivol. 1
=CAT  \\$aBATCH-CIPN$b00$c20111122$lBLL01$h1700
=CAT  \\$a11317$b40$c20120411$lBLL01$h1209
=CAT  \\$a11317$b40$c20130328$lBLL01$h1102
=CAT  \\$a11317$b40$c20140210$lBLL01$h0901
=CAT  \\$aWR16_021$c20160702$lBLL01$h1826
=CAT  \\$aBATCH-UPD$b00$c20211107$lBLL01$h2132
=FIN  \\$aY$d20120411
=FMT  \\$a  BK
=LAS  \\$aBATCH-UPD$b00$c20211107$lBLL01$h2132
=SID  \\$aZ39$bOCLC

