=LDR  01685aam a2200529 a 4500
=001  015973746
=003  Uk
=005  20120823212004.0
=008  111027s2012\\\\nyua\\\\\b\\\\001\0\eng\\
=010  \\$a2011042056  
=015  \\$aGBB1D3772$2bnb
=016  7\$a015973746$2Uk
=020  \\$a9780415668842 (cased) :$c£85.00
=020  \\$a0415668840 (cased) :$c£85.00
=020  \\$z9780203123164 (e-book)
=040  \\$aStDuBDS$beng$cStDuBDS$dUk
=042  \\$aukblsr
=050  00$aG155.A1$bA564 2012
=082  00$a306.4819$223
=100  1\$aAndrews, Hazel.
=245  10$aLiminal landscapes :$btravel, experience and spaces in-between /$cHazel Andrews and Les Roberts.
=250  \\$a1st ed.
=260  \\$aNew York :$bRoutledge,$cc2012.
=300  \\$axvi, 245 p. :$bill. ;$c24 cm.
=336  \\$atext$2rdacontent
=337  \\$aunmediated$2rdamedia
=338  \\$avolume$2rdacarrier
=500  \\$aFormerly CIP.$5Uk
=504  \\$aIncludes bibliographical references and index.
=650  \0$aTourism.
=650  \0$aPilgrims and pilgrimages.
=650  \0$aVoyages and travels.
=650  \0$aLiminality.
=650  \0$aRites and ceremonies.
=690  7\$aSocial Welfare$2blcoll
=700  1\$aRoberts, Les.
=852  11$aBritish Library$bHMNTS$kSPIS306.4819
=BUF  \\$aN$d20120510
=CAT  \\$aBATCH-CIPN$b00$c20111122$lBLL01$h1700
=CAT  \\$a8479$b40$c20120510$lBLL01$h1540
=CAT  \\$a8479$b40$c20120510$lBLL01$h1542
=CAT  \\$aBATCH-BUOC$b00$c20120823$lBLL01$h2119
=CAT  \\$aWR16_021$c20160702$lBLL01$h1826
=CAT  \\$aBATCH-SWP$c20160708$lBLL01$h2222
=FIN  \\$aY$d20120510
=FMT  \\$a  BK
=LAS  \\$aBATCH-SWP$b00$c20160708$lBLL01$h2222

