=LDR  01724 am a2200493 a 4500
=001  015998664
=003  Uk
=005  20121008210922.0
=008  120928s2012\\\\nyu\\\\\\b\\\\001\0\eng\c
=015  \\$aGBB1E6532$2bnb
=016  7\$a015998664$2Uk
=020  \\$a9781848729469 (hbk.) :$c£44.95
=020  \\$a1848729464 (hbk.) :$c£44.95
=035  \\$a(StEdNL)4876935
=040  \\$aStDuBDS$beng$cStDuBDS$dUk$dStEdNL
=042  \\$aukscp
=082  04$a658.8342$223
=245  00$aGender, culture, and consumer behavior /$cedited by Cele C. Otnes, Linda Tuncay-Zayer.
=260  \\$aNew York ;$aHove, East Sussex :$bRoutledge,$cc2012.
=300  \\$axxxi, 450 p. ;$c24 cm.
=336  \\$atext$2rdacontent
=337  \\$aunmediated$2rdamedia
=338  \\$avolume$2rdacarrier
=504  \\$aIncludes bibliographical references and index.
=650  \0$aConsumer behavior.
=650  \0$aConsumer behavior$xCross-cultural studies.
=650  \0$aConsumption (Economics)$xSocial aspects.
=690  7\$aManagement and Business Studies$2blcoll
=700  1\$aOtnes, Cele.
=700  1\$aTuncay-Zayer, Linda.
=852  11$aBritish Library$bHMNTS$kSPIS$h658.834223
=985  \\$aLDL record matched & merged
=BUF  \\$aY$d20120516
=CAT  \\$aBATCH-CIPN$b00$c20111227$lBLL01$h1700
=CAT  \\$a12323$b40$c20120516$lBLL01$h1105
=CAT  \\$aBATCH-MBS$c20120525$lBLL01$h2102
=CAT  \\$aBATCH-LDLE$b00$c20121008$lBLL01$h2108
=CAT  \\$aBATCH-LDLL$b00$c20121008$lBLL01$h2109
=CAT  \\$aBATCH-LDL4$b00$c20121008$lBLL01$h2109
=CAT  \\$aBATCH-MBS$c20121012$lBLL01$h2106
=CAT  \\$aWR16_021$c20160703$lBLL01$h1804
=FIN  \\$aY$d20120516
=FMT  \\$a  BK
=LAS  \\$aWR16_021$b00$c20160703$lBLL01$h1804

