=LDR  01239cas a22003857a 4500
=001  016002069
=003  Uk
=005  20120104145638.0
=007  ta
=008  120104c200u9999enkuu\\\\\\\\\0\\\a0eng\\
=FMT  \\$a  SE
=040  \\$aUk$beng$cUk
=042  \\$aukblsr
=082  04$a338.74$223
=110  2\$aHBOS plc.
=245  10$a[Report and accounts] /$cHBOS Plc.
=260  \\$a[Edinburgh :$bHBOS Plc]
=300  \\$av.
=336  \\$atext$2rdacontent
=337  \\$aunmediated$2rdamedia
=338  \\$avolume$2rdacarrier
=500  \\$aIncludes strategic and forecasting reports where available.
=588  \\$aDescription based on: Report and accounts, 2010.
=610  20$aHBOS plc$vPeriodicals.
=650  \0$aCorporation reports$zGreat Britain$vPeriodicals.
=650  \0$aBusiness planning$zGreat Britain$vPeriodicals.
=690  7\$aManagement and Business Studies$2blcoll
=852  11$aBritish Library$bSTI$cBIPC$kBIS$32005-2007, 2010-
=985  \\$a"Company financial reports record".
=CAT  \\$a5110$b40$c20120104$lBLL01$h1456
=CAT  \\$aBATCH-TCO$c20120117$lBLL01$h0038
=CAT  \\$aBATCH-MBS$c20161028$lBLL01$h2114
=FIN  \\$aY$d20120104
=TCO  \\$aCLA$bCLA$c008
=LAS  \\$aBATCH-MBS$b00$c20161028$lBLL01$h2114

