=LDR  01399 am a2200385 a 4500
=001  016003455
=003  Uk
=005  20120109132728.0
=008  890829s1989\\\\gw\\\\\\\b\\\\001\0\ger\d
=FMT  \\$a  BK
=010  \\$a   89180741 
=020  \\$a3766309080
=035  \\$a(OCoLC)ocm20766930
=040  \\$aAZS$beng$cAZS$dIXA$dOCL$dOCLCQ$dDLC$dUk
=042  \\$aukblsr
=043  \\$ae-gw---
=050  00$aHD6694$b.Q44 1985 Bd. 8
=245  04$aDie Gewerkschaften und die Angestelltenfrage, 1945-1949 /$cbearbeitet von Siegfried Mielke.
=260  \\$aKöln :$bBund-Verlag,$cc1989.
=300  \\$a484 p. ;$c25 cm.
=336  \\$atext$2rdacontent
=337  \\$aunmediated$2rdamedia
=338  \\$avolume$2rdacarrier
=490  1\$aQuellen zur Geschichte der deutschen Gewerkschaftsbewegung im 20. Jahrhundert ;$vBd. 8
=504  \\$aIncludes bibliographical references and index.
=650  \0$aWhite collar workers$zGermany (West)$xLabor unions$xHistory$vSources.
=650  \0$aLabor unions$zGermany (West)$xHistory$vSources.
=700  1\$aMielke, Siegfried.
=830  \0$aQuellen zur Geschichte der deutschen Gewerkschaftsbewegung im 20. Jahrhundert ;$vBd. 8.
=852  41$aBritish Library$bHMNTS$hZA.9.a.240(8)
=CAT  \\$a11069$b40$c20120109$lBLL01$h1324
=CAT  \\$a11069$b40$c20120109$lBLL01$h1327
=FIN  \\$aY$d20120109
=SRC  \\$aBLL02
=LAS  \\$a11069$b40$c20120109$lBLL01$h1327

