=LDR  01225aas a2200373 a 4500
=001  016017538
=003  Uk
=005  20180926093810.0
=007  ta
=008  120127cuuuu9999nikuu\p\\\\\\\0\\\a0eng\\
=FMT  \\$a  SE
=040  \\$aUk$beng$cUk
=042  \\$aukblsr
=082  04$a371.2609416$223
=110  2\$aNorthern Ireland Council for the Curriculum, Examinations and Assessment.
=245  10$aCircular.
=246  13$aGCE circular
=246  13$aGCSE circular
=260  \\$a[Belfast] :$bCCEA
=300  \\$av. ;$c30 cm.
=336  \\$atext$2rdacontent
=337  \\$aunmediated$2rdamedia
=338  \\$avolume$2rdacarrier
=588  \\$aDescription based on: S/IF/78/11.
=588  \\$aLatest issue consulted: S/IF/36/18.
=610  20$aNorthern Ireland Council for the Curriculum, Examinations and Assessment$vPeriodicals.
=650  \0$aGeneral Certificate of Secondary Education$vPeriodicals.
=650  \0$aHigh schools$xExaminations$vPeriodicals.
=852  41$aBritish Library$bHMNTS$qHMNTS$3Aug. (2011)
=CAT  \\$a10806$b40$c20120127$lBLL01$h1316
=CAT  \\$a10806$b40$c20120127$lBLL01$h1318
=CAT  \\$a11315$b40$c20180926$lBLL01$h0938
=FIN  \\$aY$d20120127
=LAS  \\$a11315$b40$c20180926$lBLL01$h0938

