=LDR  01123 cm a22003253i 4500
=001  016018294
=003  Uk
=005  20120130112119.0
=008  120127s1988\\\\xr\||z||||||||||||||||||d
=FMT  \\$a  MU
=028  30$aH 7508$bEditio Supraphon
=035  \\$a(GyWOH)har005014624
=040  \\$aGyWOH$beng$cGyWOH
=082  14$a780$215
=100  1\$aReicha, Anton,$d1770-1836.
=245  10$aTre Quintetti, parte II :$bQuintetti op. 91, no. 9 e 11 /$cAntonin Rejcha ; rev. Marian Spetko.
=254  \\$aParti
=260  \\$aPraha :$bEditio Supraphon,$c1988.
=300  \\$a5 parts ;$c31 cm.
=336  \\$anotated music$2rdacontent
=337  \\$aunmediated$2rdamedia
=338  \\$avolume$2rdacarrier
=490  0\$aMusica Antiqua Bohemica. Seria 1, Instrumentalwerke
=500  \\$aFor flute, oboe, clarinet, horn and bassoon.
=505  0\$aContents: op. 91 no. 9 Re maggiore - op. 91 no. 11 La maggiore.
=852  41$aBritish Library$bDSC$cMUSIC
=CAT  \\$aBATCH-HARR$b00$c20120130$lBLL01$h1121
=CAT  \\$aWR15_100$c20150811$lBLL01$h0327
=SRC  \\$aHarrassowitz - Supplier
=LAS  \\$aWR15_100$b00$c20150811$lBLL01$h0327

