=LDR  02359 am a2200541 a 4500
=001  016018920
=003  Uk
=005  20120202102514.0
=008  120117s2011\\\\gw\\\\\\\br\\\001\0\ger\c
=FMT  \\$a  BK
=020  \\$a9783487145839 (set)
=020  \\$a3487145839 (set)
=020  \\$a9783487145846 (Bd. 1)
=020  \\$a3487145847 (Bd. 1)
=020  \\$a9783487145853 (Bd. 2)
=020  \\$a3487145855 (Bd. 2)
=020  \\$a9783487145860 (Bd. 3)
=020  \\$a3487145863 (Bd. 3)
=035  \\$a(OCoLC)773061329$z(OCoLC)769628264$z(OCoLC)769628265$z(OCoLC)769628266
=040  \\$aSTF$beng$cSTF$dOHX$dUk
=041  0\$ager$afre$aita
=042  \\$aukblsr
=043  \\$ae-sz---
=050  \4$aZ837.A1$bL48 2011
=072  \7$aZ$2lcco
=245  00$aHandbuch der historischen Buchbestände in der Schweiz =$bRépertoire des fonds imprimés anciens de Suisse = Repertorio dei fondi antichi a stampa della Svizzera /$cherausgegeben von der Zentralbibliothek Zürich.
=246  31$aRépertoire des fonds imprimés anciens de Suisse
=246  31$aRepertorio dei fondi antichi a stampa della Svizzera
=260  \\$aHildesheim :$bOlms-Weidmann,$c2011.
=300  \\$a3 v. ;$c30 cm.
=336  \\$atext$2rdacontent
=337  \\$aunmediated$2rdamedia
=338  \\$avolume$2rdacarrier
=546  \\$aListings in German, French or Italian.
=504  \\$aIncludes bibliographical references and indexes.
=505  00$gBd. 1.$tKantone Aargau bis Jura /$rbearbeitet von Urs B. Leu, Hanspeter Marti und Jean-Luc Rouiller --$gBd. 2.$tKantone Luzern bis Thurgau /$rbearbeitet von Urs B. Leu, Hanspeter Marti, Jean-Luc Rouiller, Veronica Carmine und Paola Costantini --$gBd. 3.$tKantone Uri bis Zürich, Register /$rbearbeitet von Urs B. Leu, Hanspeter Marti und Jean-Luc Rouiller.
=650  \0$aLibrary resources$zSwitzerland$vDirectories.
=650  \0$aRare library materials$zSwitzerland$vDirectories.
=650  \0$aSpecial libraries$zSwitzerland$vDirectories.
=650  \0$aLibraries$zSwitzerland$vDirectories.
=700  1\$aLeu, Urs B.$q(Urs Bernhard),$d1961-
=710  2\$aZentralbibliothek Zürich.
=852  11$aBritish Library$bHMNTS$kRAR$h027.04
=CAT  \\$a5512$b40$c20120131$lBLL01$h0948
=CAT  \\$a11069$b40$c20120202$lBLL01$h1025
=FIN  \\$aY$d20120202
=SID  \\$aZ39$bOCLC
=LAS  \\$a11069$b40$c20120202$lBLL01$h1025

