=LDR  03131pam a2200517 a 4500
=001  016039720
=003  Uk
=005  20121113132657.0
=008  111220m20119999caua\\\\\6\\\\000\j\eng\\
=FMT  \\$a  BK
=015  \\$aGBB221112$2bnb
=016  7\$a016039720$2Uk
=020  \\$a9781613770153 ([v. 1] : cased)
=020  \\$a1613770154 ([v. 1] : cased)
=020  \\$a9781613772201 ([v. 2] : cased)
=020  \\$a1613772203 ([v. 2] : cased)
=035  \\$a(OCoLC)768822247$z(OCoLC)744299644
=040  \\$aStDuBDS$beng$cStDuBDS$dUk
=042  \\$aukblsr
=082  04$a741.56973$223
=100  1\$aRaymond, Alex,$d1909-1956.
=245  10$aAlex Raymond's Flash Gordon and Jungle Jim /$c[art by Alex Raymond ; stories by Alex Raymond and Don Moore].
=246  30$aFlash Gordon and Jungle Jim
=260  \\$aSan Diego, CA :$bIDW,$cc2011-
=300  \\$a4 v. :$bchiefly ill. (chiefly col.) ;$c42 cm.
=336  \\$atext$2rdacontent
=337  \\$aunmediated$2rdamedia
=338  \\$avolume$2rdacarrier
=490  1\$aThe library of American comics
=505  1\$a[v. 2]. 1936 to 1939.
=520  \\$aIDW's Library of American Comics is producing "The Definitive Flash Gordon & Jungle Jim" as part of the Ultimate Alex Raymond Collection. Edited by Eisner Award-winner Dean Mullaney, "The Definitive Flash Gordon & Jungle Jim" will present every Sunday by Raymond from both classic strips together for the first time, in the oversized 12" x 16" champagne edition format. Created by Raymond in 1934, "Flash Gordon" is arguably the most famous science fiction comic strip of all time. It follows the adventures of the title character and his companions, Dale Arden and Dr. Zarkov, as they leave Earth to discover the source of meteors that are threatening the planet, and get waylaid on the planet Mongo, where they battle the evil Ming the Merciless. The three Earthlings encounter one strange race after another, from the water-breathing Shark-Men of the Undersea Kingdom, the winged Hawkmen, and the ferocious Tusk-Men. All the while, Flash finds himself in the arms of one beautiful woman after another - much to Dale Arden's chagrin. "Jungle Jim" was created as a strip topper for "Flash Gordon", and followed the life of Jim Bradley, who fought pirates, slave traders, and assorted villains in the exotic Southeast Asia of the 1930s. This neglected Raymond classic also features Jim's native cohort Kolu and femme fatale Lille DeVrille.
=500  \\$aFormerly CIP.$5Uk
=650  \0$aGordon, Flash (Fictitious character)$vComic books, strips, etc.$vFiction.
=650  \0$aScience fiction comic books, strips, etc.
=655  \0$aComic books, strips, etc.
=700  1\$aMoore, Don,$d1904-1986.
=830  \0$aLibrary of American comics.
=852  41$aBritish Library$bHMNTS$ivol. 2
=CAT  \\$aBATCH-CIPN$b00$c20120228$lBLL01$h1701
=CAT  \\$a11029$b40$c20121022$lBLL01$h1328
=CAT  \\$a11317$b40$c20121113$lBLL01$h1325
=CAT  \\$a11317$b40$c20121113$lBLL01$h1326
=CAT  \\$aWR16_021$c20160704$lBLL01$h1803
=FIN  \\$aY$d20121113
=SID  \\$aZ39$bOCLC
=LAS  \\$aWR16_021$b00$c20160704$lBLL01$h1803

