=LDR  01564cam a2200421 a 4500
=001  016043446
=003  Uk
=005  20120308074316.0
=008  120306s2011\\\\enka\\\\\b\\\|101\0|eng\\
=FMT  \\$a  BK
=015  \\$aGBB224817$2bnb
=016  7\$a016043446$2Uk
=020  \\$a9781846260896
=040  \\$aUk$beng$cUk
=042  \\$aukblsr
=082  04$a670.285$223
=111  2\$aInternational Conference on Information Technology and Industrial Engineering$d(2011 :$cWuhan, China)
=245  10$aProceedings of 2011 International Conference on Information Technology and Industrial Engineering :$bWuhan, China, December 3-4, 2011 /$cedited by Dong Zhou, Zhenyu Du.
=246  13$aITIE 2011
=246  13$aInformation technology and industrial engineering
=260  \\$aLiverpool :$bWorld Academic Union,$cc2011.
=300  \\$axiii, 512 p. :$bill. ;$c27 cm.
=336  \\$atext$2rdacontent
=337  \\$aunmediated$2rdamedia
=338  \\$avolume$2rdacarrier
=504  \\$aIncludes bibliographical references and author index.
=650  \0$aIndustrial engineering$xInformation technology$vCongresses.
=700  1\$aZhao, Dong.
=700  1\$aDu, Zhenyu.
=710  2\$aWorld Academic Union.
=852  11$aBritish Library$bHMNTS$k(B)$h670.285
=CAT  \\$a11384$b40$c20120306$lBLL01$h0930
=CAT  \\$a11384$b40$c20120306$lBLL01$h0933
=CAT  \\$a10775$b40$c20120308$lBLL01$h0743
=CAT  \\$aWR16_021$c20160704$lBLL01$h1803
=CAT  \\$aBATCH-UPD$b00$c20211204$lBLL01$h1738
=FIN  \\$aY$d20120308
=LAS  \\$aBATCH-UPD$b00$c20211204$lBLL01$h1738

