=LDR  02030pam a2200553 a 4500
=001  016044076
=003  Uk
=005  20130724131856.0
=008  130527s2012\\\\stk\\\\\\b\\\\001\0\eng\c
=FMT  \\$a  BK
=015  \\$aGBB223175$2bnb
=016  7\$a016044076$2Uk
=020  \\$a9780414018181 (hbk.) :$c£155.00
=020  \\$a0414018184 (hbk.) :$c£155.00
=035  \\$a(StEdNL)4964487
=040  \\$aStDuBDS$beng$cStDuBDS$dStEdNL$dUk
=042  \\$aukscp
=043  \\$ae-uk-st
=082  04$a349.411$223
=100  1\$aGloag, W. M.$q(William Murray),$d1865-1934.
=245  14$aThe law of Scotland /$cby W.M. Gloag and R. Candlish Henderson.
=246  14$aGloag and Henderson :$bthe law of Scotland
=250  \\$a13th ed. /$bgeneral editors, Hector L. McQueen, Lord Eassie ; assistant editors, Douglas Bain ... [et al.].
=260  \\$aEdinburgh :$bW. Green/Thomson Reuters,$c2012.
=300  \\$acccxi, 1438 p. ;$c25 cm.
=336  \\$atext$2rdacontent
=337  \\$aunmediated$2rdamedia
=338  \\$avolume$2rdacarrier
=504  \\$aIncludes bibliographical references and index.
=500  \\$aFormerly CIP.$5Uk
=650  \0$aLaw$zScotland.
=700  1\$aHenderson, R. Candlish$q(Robert Candlish),$d1874-
=700  1\$aMacQueen, Hector L.
=700  1\$aMackay, Ronald D.
=700  1\$aBain, Douglas,$cBA LLB LLM Dip LP.
=852  41$aBritish Library$bHMNTS$kOPL$h345.0941
=985  \\$aLDL record matched & merged
=CAT  \\$aBATCH-CIPN$b00$c20120306$lBLL01$h1700
=CAT  \\$aBATCH-CIPC$b00$c20120724$lBLL01$h1701
=CAT  \\$aBATCH-CIPC$b00$c20120925$lBLL01$h1701
=CAT  \\$aBATCH-LDLE$b00$c20130603$lBLL01$h2134
=CAT  \\$aBATCH-LDLL$b00$c20130603$lBLL01$h2135
=CAT  \\$aBATCH-LDL4$b00$c20130603$lBLL01$h2135
=CAT  \\$a10883$b40$c20130724$lBLL01$h1318
=CAT  \\$aWR16_021$c20160704$lBLL01$h1803
=CAT  \\$aBATCH-UPD$b00$c20160704$lBLL01$h1814
=CAT  \\$aBATCH-UPD$b00$c20170113$lBLL01$h2038
=FIN  \\$aY$d20130724
=LAS  \\$aBATCH-UPD$b00$c20170113$lBLL01$h2038

