=LDR  01371 am a2200433 i 4500
=001  016054570
=003  Uk
=005  20160324085401.0
=008  110104s2010\\\\bg\\\\\g\\\\\\000\0\benod
=FMT  \\$a  BK
=020  \\$z9847015601799
=035  \\$a(OCoLC)706651490
=040  \\$aDKAGE$beng$cDKAGE$erda
=041  \\$aben
=042  \\$aukblsr
=043  \\$aa-bg---
=050  \4$aP92.B36$bJ34 2010
=082  04$a302.23095492$222
=100  1\$aJāhāṅgīra, Muhāmmada,$eauthor.
=245  10$aMiḍiẏāra cālacitra /$cMuhāmmada Jāhāṅgīra.
=246  1\$iTitle on t.p. verso in roman:$aMediar chalchitra
=250  \\$aprathama.
=264  \1$aḌhākā :$bMāolā Brādārsa,$c2010.
=300  \\$a135 pages ;$c22 cm
=336  \\$atext$2rdacontent
=337  \\$aunmediated$2rdamedia
=338  \\$avolume$2rdacarrier
=520  \\$aCritical articles on the state of mass media in Bangladesh.
=546  \\$aIn Bengali.
=650  \0$aMass media$zBangladesh.
=852  41$aBritish Library$bOC$iYP.2012.a.924
=CAT  \\$a7486$b40$c20120321$lBLL01$h1530
=CAT  \\$a14527$b40$c20160322$lBLL01$h1503
=CAT  \\$a14527$b40$c20160322$lBLL01$h1504
=CAT  \\$a12887$b40$c20160324$lBLL01$h0853
=CAT  \\$a12887$b40$c20160324$lBLL01$h0854
=FIN  \\$aY$d20160324
=SID  \\$aZ39$bOCLC
=LAS  \\$a12887$b40$c20160324$lBLL01$h0854

