=LDR  01927 am a2200445 a 4500
=001  016055283
=003  Uk
=005  20120323114944.0
=008  120323s2006\\\\enk\\\\\\i\\\|0|0\0|eng\\
=FMT  \\$a  BK
=015  \\$aGBB229915$2bnb
=016  7\$a016055283$2Uk
=020  \\$a1905247788 (pt. 1 : pbk.) :$cNo price
=020  \\$a1905247796 (pt. 2 : pbk.) :$cNo price
=020  \\$a190524780X (pt. 3 : pbk.) :$cNo price
=040  \\$aUk$beng$cUk
=042  \\$aukblsr
=082  04$a929.342875$223
=245  00$aIndex to 1851 census of Durham.$pWestoe.
=260  \\$a[Durham?] :$bNorthumberland & Durham Family History Society,$cc2006.
=300  \\$a3 v. ;$c21 cm.
=336  \\$atext$2rdacontent
=337  \\$aunmediated$2rdamedia
=338  \\$avolume$2rdacarrier
=500  \\$aVol. 31-33 of Index to 1851 census of Durham.
=505  0\$apt. 1. Parishes of Boldon, Whitburn and part of Jarrow, including the townships of Harton and Westoe (part) : piece no. HO 107/2399, folios 1-229 -- pt. 2. Part of the Parish of Jarrow, including the Township of Westoe (part) : piece no. HO 107/2399, folios 230-442 -- pt. 3. Part of the Parish of Jarrow, including the Township of Westoe (part) : piece no. HO 107/2399, folios 443-680.
=650  \0$aNames, Personal$zEngland$zSouth Shields$vIndexes.
=651  \0$aSouth Shields (England)$vCensus, 1891$vIndexes.
=651  \0$aGreat Britain$vCensus, 1891$vIndexes.
=651  \0$aSouth Shields (England)$vGenealogy.
=710  2\$aNorthumberland & Durham Family History Society.
=852  41$aBritish Library$bHMNTS$ipt. 2
=852  41$aBritish Library$bHMNTS$ipt. 3
=852  41$aBritish Library$bHMNTS$ipt. 1
=CAT  \\$a11250$b40$c20120323$lBLL01$h1144
=CAT  \\$a11250$b40$c20120323$lBLL01$h1145
=CAT  \\$a11250$b40$c20120323$lBLL01$h1149
=CAT  \\$aWR16_021$c20160704$lBLL01$h1805
=FIN  \\$aY$d20120323
=LAS  \\$aWR16_021$b00$c20160704$lBLL01$h1805

