=LDR  02180cas a22004937a 4500
=001  016066308
=003  Uk
=005  20160415094218.0
=007  ta
=008  120413c20119999enkuu\\\\\\\\\0\\\a0eng\\
=FMT  \\$a  SE
=040  \\$aUk$beng$cUk
=082  04$a338.74$223
=110  2\$aCroda International (Firm)
=245  10$a[Annual reports, financial reports, etc.] /$cCroda International.
=246  13$aSustainability report
=260  \\$aSnaith :$bCroda International,$c2011-
=300  \\$av.
=336  \\$atext$2rdacontent
=337  \\$aunmediated$2rdamedia
=338  \\$avolume$2rdacarrier
=362  1\$aBegan in 2011.
=500  \\$aIncludes strategic and forecasting reports where available.
=610  20$aCroda International (Firm)$vPeriodicals.
=650  \0$aCorporation reports$zGreat Britain$vPeriodicals.
=650  \0$aBusiness planning$zGreat Britain$vPeriodicals.
=650  \0$aSocial responsibility of business$vPeriodicals.
=690  7\$aManagement and Business Studies$2blcoll
=780  00$aCroda International (Firm)$tCorporate social responsibility :our responsibility
=780  00$aCroda International (Firm)$tAnnual report & accounts
=852  11$aBritish Library$bSTI$cBIPC$kBIPC Trade Literature Collection$32011-
=985  \\$aCompany financial reports record.
=CAT  \\$a11315$b40$c20120413$lBLL01$h1119
=CAT  \\$a11315$b40$c20120413$lBLL01$h1120
=CAT  \\$a11315$b40$c20120413$lBLL01$h1121
=CAT  \\$a11315$b40$c20120413$lBLL01$h1143
=CAT  \\$a11315$b40$c20160415$lBLL01$h0941
=CAT  \\$a11315$b40$c20160415$lBLL01$h0942
=CAT  \\$aBATCH-MBS$c20161028$lBLL01$h2114
=FIN  \\$aY$d20120413
=LET  \0$aCompany reports of operating and financial results for Croda International plc.
=LKR  \\$aPAR$b015172918$lBLL01$r78000$m[Annual rpeorts, financial reports, etc.] / Croda International (Firm)$nCorporate social responsibility : our responsibility / Croda International (Firm)
=LKR  \\$aPAR$b017806479$lBLL01$r78000$m[Annual reports, financial reports, etc.] / Croda International (Firm)$nAnnual report & accounts / Croda International (Firm)
=LAS  \\$aBATCH-MBS$b00$c20161028$lBLL01$h2114

