=LDR  01931 am a2200421   4500
=001  016081403
=003  Uk
=005  20120508154252.0
=008  930424s1715\\\\enk||||\\\\\\o000|0|eng\c
=FMT  \\$a  BK
=035  \\$a(Uk-ES)006047703
=040  \\$aCU-RivES$cCU-RivES$dCU-RivES$dCStRLIN$dCU-RivES
=110  1\$aGreat Britain.
=240  10$aPublic General Acts.$k1715
=245  10$aAnno Regni Georgii Regis Magnæ Britanniæ, Franciæ, & Hiberniæ, primo. At the Parliament begun and holden at Westminster, the seventeenth day of March, ... 1714. ... being the first session of this present Parliament.
=264  \1$aLondon :$bprinted by John Baskett, and by the assigns of Thomas Newcomb, and Henry Hills, deceas'd,$c1715.
=300  \\$a471, [5] pages ;$c30 cm. (2º)
=336  \\$atext$2rdacontent
=337  \\$aunmediated$2rdamedia
=338  \\$avolume$2rdacarrier
=340  \\$m2º
=500  \\$aThe public general Acts passed in the first session of the fifth Parliament of Great Britain, with a table.
=500  \\$aIncludes chapters I-XXIX.
=500  \\$aThe table lists the public Acts, and private Acts 1-32, and has a colophon dated 1715.
=500  \\$aObviously intended to be issued in one volume with the public Acts XXX-LVII of the same session of Parliament.
=500  \\$aThis general titlepage precedes each individual act.
=510  4\$aESTC,$cN53648
=610  10$aGreat Britain.$bRoyal Navy$xPay, allowances, etc.$xLaw and legislation.
=648  \7$a1701-1800$2local
=752  \\$aGreat Britain$bEngland$dLondon.
=852  41$aBritish Library$bHMNTS$qCopy at XXXX. Imperfect: titlepage only.
=985  \\$aCorrected by MS generated file for WR# 1805-0738
=CAT  \\$a2225$b40$c20120508$lBLL01$h1542
=CAT  \\$a1805-0738$c20181228$lBLL01$h1832
=CAT  \\$a1805-0738$b00$c20181228$lBLL01$h1916
=FIN  \\$aY$d20120508
=SRC  \\$aESTC
=LAS  \\$a1805-0738$b00$c20181228$lBLL01$h1916

