=LDR  02417 am a2200421   4500
=001  016081490
=003  Uk
=005  20120508163808.0
=008  930405s1750\\\\enk||||\\\\\\o000\0|eng\c
=FMT  \\$a  BK
=035  \\$a(Uk-ES)006047155
=040  \\$aCU-RivES$cCU-RivES$dCU-RivES$dCStRLIN$dCU-RivES
=110  1\$aGreat Britain.
=240  10$aPublic General Acts. 1749-1750. 23 Geo.II.c.32
=245  13$aAn Act for granting to His Majesty certain duties upon such species of sail cloth as are therein mentioned, which shall be imported from Ireland into Great Britain, during the time therein limited.
=264  \1$a[London] :$bprinted by Thomas Baskett; and by the assigns of Robert Baskett,$c[1750]
=300  \\$a[2], 567-568 pages ;$c29 cm. (2º)
=336  \\$atext$2rdacontent
=337  \\$aunmediated$2rdamedia
=338  \\$avolume$2rdacarrier
=340  \\$m2º
=500  \\$aAt head of drop-head title: 'Anno vicesimo tertio Georgii II. Regis.' - Text in black letter.
=500  \\$aLast word of first line of text: 'been'; first word of line below initial: 'give'; last word of last full line of text: 'Du-'.
=500  \\$aIssued separately with a general titlepage, and also as part of: 'Anno Regni Georgii II. Regis Magnæ Britanniæ, Franciæ, & Hiberniæ, vicesimo tertio. At the Parliament begun and holden at Westminster, the tenth day of November, .. 1747. .. And from thence continued .. to the sixteenth day of November, 1749, being the third session of this present Parliament.' - Imprint from general titlepage.
=510  4\$aESTC,$cN53144
=648  \7$a1701-1800$2local
=650  \0$aOaths.
=730  0\$aAnno Regni Georgii II. Regis Magnæ Britanniæ, Franciæ, & Hiberniæ, vicesimo tertio. At the Parliament begun and holden at Westminster, the tenth day of November, .. 1747. .. And from thence continued .. to the sixteenth day of November, 1749, being the third session of this present Parliament.
=752  \\$aGreat Britain$bEngland$dLondon.
=852  41$aBritish Library$bHMNTS$qCopy at XXXX. Imperfect: wanting the titlepage.
=985  \\$a730 = new. Data from ESTC/NA.
=985  \\$aCorrected by MS generated file for WR# 1805-0738
=CAT  \\$a2225$b40$c20120508$lBLL01$h1638
=CAT  \\$a1805-0738$c20181228$lBLL01$h1832
=CAT  \\$a1805-0738$b00$c20181228$lBLL01$h1916
=FIN  \\$aY$d20120508
=SRC  \\$aESTC
=LAS  \\$a1805-0738$b00$c20181228$lBLL01$h1916

