=LDR  01351pam a2200397 a 4500
=001  016081910
=003  Uk
=005  20120813133517.0
=008  120503s2012\\\\enka\\\\\b\\\\001\0\eng\d
=FMT  \\$a  BK
=015  \\$aGBB244884$2bnb
=016  7\$a016081910$2Uk
=020  \\$a9780470322826 (hbk.) :$c£83.50
=020  \\$a0470322829 (hbk.) :$c£83.50
=040  \\$aStDuBDS$beng$cStDuBDS$dUk
=042  \\$aukblcatcopy
=082  04$a616.898061$223
=245  00$aTargets and emerging therapies for schizophrenia /$cedited by Jeffrey S. Albert ; Michael W. Wood.
=260  \\$aOxford :$bWiley-Blackwell,$cc2012.
=300  \\$axiii, 472 p. :$bill. ;$c24 cm.
=336  \\$atext$2rdacontent
=337  \\$aunmediated$2rdamedia
=338  \\$avolume$2rdacarrier
=504  \\$aIncludes bibliographical references and index.
=500  \\$aFormerly CIP.$5Uk
=650  \0$aSchizophrenia$xTreatment.
=700  1\$aAlbert, Jeffrey S.
=700  1\$aWood, Michael W.$q(Michael William),$d1961-
=852  11$aBritish Library$bSTI$k(B)616.898061
=CAT  \\$aBATCH-CIPN$b00$c20120508$lBLL01$h1700
=CAT  \\$a6524$b40$c20120810$lBLL01$h0755
=CAT  \\$a5375$b40$c20120813$lBLL01$h1333
=CAT  \\$a5375$b40$c20120813$lBLL01$h1335
=CAT  \\$aWR16_021$c20160704$lBLL01$h1809
=FIN  \\$aY$d20120813
=LAS  \\$aWR16_021$b00$c20160704$lBLL01$h1809

