=LDR  01839 am a2200385   4500
=001  016083895
=003  Uk
=005  20120510103537.0
=008  851025s1790\\\\enkcf||\\\\\\\000|0|eng\c
=FMT  \\$a  BK
=035  \\$a(Uk-ES)006012051
=040  \\$aCU-RivES$cCU-RivES$dCStRLIN$dCU-RivES
=245  04$aThe Present practice of a justice of the peace;$band a complete library of parish law. Containing the substance of all the statutes and adjudged cases, down to the year 1790, which point out the Duty and Present Practice of Justices of the Peace, Sheriffs, Under-Sheriffs, Clergymen, Church-Wardens, Overseers, High Constables, Surveyors of the Highway, Constables, Headboroughs, And other County, Ward, and Parish-Officers.$cBy the Rev. Edward Barry, LL.D.
=264  \1$aLondon :$bprinted for the proprietors, and sold by Mess. Simmonds, Pater-Noster Row ; Butters, No. 79, Fleet-Street ; Fletcher, Oxford; and Hodson, Cambridge,$cMDCCXC [1790]
=300  \\$a4 v, plates ;$c22 cm. (8º)
=336  \\$atext$2rdacontent
=337  \\$aunmediated$2rdamedia
=338  \\$avolume$2rdacarrier
=340  \\$m8vo$2rdabf
=500  \\$aNot in fact by Edward Barry (DNB).
=510  4\$aESTC,$cN20986
=648  \7$a1701-1800$2local
=650  \0$aParishes$zGreat Britain.
=650  \0$aLocal government$zGreat Britain.
=650  \0$aJustices of the peace$zGreat Britain.
=700  1\$aBarry, Edward,$d1759-1822.
=752  \\$aGreat Britain$bEngland$dLondon.
=852  41$aBritish Library$bHMNTS$qCopy at XXXX. Imperfect: volume 3 only.
=985  \\$aCorrected by MS generated file for WR# 1805-0738
=CAT  \\$a2225$b40$c20120510$lBLL01$h1035
=CAT  \\$a1805-0738$c20181228$lBLL01$h1832
=CAT  \\$a1805-0738$b00$c20181228$lBLL01$h1916
=FIN  \\$aY$d20120510
=SRC  \\$aESTC
=LAS  \\$a1805-0738$b00$c20181228$lBLL01$h1916

