=LDR  02471 am a2200373   4500
=001  016085756
=003  Uk
=005  20120515125928.0
=008  871210s1773\\\\enkbf||\\\\\\\001\0|eng\c
=FMT  \\$a  BK
=035  \\$a(Uk-ES)006269210
=040  \\$aUk-ES$cUk-ES$dCU-RivES$dCStRLIN$dCU-RivES
=100  10$aSydney, Temple.
=245  12$aA New and complete history of England, from the earliest period of authentic intelligence to the present time.$bWherein every interesting transaction, relating to war or peace, laws or government, policy or religion, is impartially recited; the noble superstructure of the British constitution fully described, and traced from its original foundation: the characters of the most eminent persons are impartially drawn, and their genius and learning, their virtues and their vices, properly displayed. Together with a circumstantial history of literature, and the progress of the arts in this kingdom, from their first introduction to the present period of elegant improvement$cby Temple Sydney, Esq; embellished and illustrated with upwards of one hundred beautiful copper plates, engraved in the most masterly manner, from the drawings of the ingenious Mr. Wale, by those capital English artists, Grignion, Walker, Rennoldson, and Taylor.
=264  \1$aLondon :$bPrinted for J. Cooke, at Saakespear's-Head, in Pater-Noster Row,$cMDCCLXXIII [1773]
=300  \\$a[4], 698, [16] pages :$bplates ;$c39 cm. (2º)
=336  \\$atext$2rdacontent
=337  \\$aunmediated$2rdamedia
=338  \\$avolume$2rdacarrier
=340  \\$m2º
=500  \\$aThe final [16] contain; index [1]-[11], 'Directions to binder' [12], Subscription list [13]-[16].
=510  4\$aESTC,$cT174414
=648  \7$a1701-1800$2local
=651  \0$aGreat Britain$xHistory.
=752  \\$aGreat Britain$bEngland$dLondon.
=852  41$aBritish Library$bHMNTS$qCopy at XXXX. Imperfect: Wanting all final leaves after the first index leaf. Pp. [1]-[2] of index and Pp. 57-60 are damaged, affecting text. The plate; 'The Britons submitting to Claudius' following p.12 has been torn down length of leaf and repaired.
=985  \\$aCorrected by MS generated file for WR# 1805-0738
=CAT  \\$a2225$b40$c20120515$lBLL01$h1259
=CAT  \\$aBATCH-UPD$b40$c20151218$lBLL01$h0712
=CAT  \\$a1805-0738$c20181228$lBLL01$h1832
=CAT  \\$a1805-0738$b00$c20181228$lBLL01$h1916
=FIN  \\$aY$d20120515
=SRC  \\$aESTC
=LAS  \\$a1805-0738$b00$c20181228$lBLL01$h1916

