=LDR  02271 am a2200493   4500
=001  016092436
=003  Uk
=005  20120524162905.0
=008  951214s1649\\\\enkf|||\\\\\\\000\0|eng\c
=FMT  \\$a  BK
=035  \\$a(Uk-ES)006128181
=040  \\$aCU-RivES$cCU-RivES$edcrb
=100  1\$aGauden, John,$d1605-1662.
=245  10$aEikōn basilikē.$bThe pourtraicture of His Sacred Majestie in his solitude and sufferings.
=246  3\$aPourtraicture of His Sacred Majestie in his solitudes and sufferings
=264  \1$a[London] :$bReprinted [by William Dugard] in R.M.,$cAnno Dom. 1648 [i.e. 1649]
=300  \\$a[4], 187, [1] pages, [1] folded plate ;$c15 cm. (12º)
=336  \\$atext$2rdacontent
=337  \\$aunmediated$2rdamedia
=338  \\$avolume$2rdacarrier
=340  \\$m12mo$2rdabf
=500  \\$aFirst 2 words of title in Greek characters.
=500  \\$aAuthorship of the Eik⁻on basilik⁻e was originally attributed to Charles I, but according to Madan (pp. 125-33) it was written by John Gauden who probably included some authentic writings of the king.
=500  \\$aPlace of publication from Wing; printer's name from Madan; date of publication given according to Lady Day dating.
=510  4\$aESTC,$cR221552
=510  4\$aWing (2nd ed., 1994),$cE277
=510  4\$aMadan, F.F. New bibl. of the Eikon basilike,$c14, first issue
=510  4\$aAlmack,$c9
=600  00$aCharles$bI,$cKing of England,$d1600-1649$vEarly works to 1800.
=648  \7$a1641-1700$2local
=651  \0$aGreat Britain$xHistory$yCivil War, 1642-1649$vEarly works to 1800.
=651  \0$aGreat Britain$xPolitics and government$y1642-1649$vEarly works to 1800.
=700  0\$aCharles$bI,$cKing of England,$d1600-1649,$eattributed name.
=752  \\$aGreat Britain$bEngland$dLondon.
=852  41$aBritish Library$bHMNTS$qCopy at XXXX. Imperfect: wanting the plate.
=985  \\$aCorrected by MS generated file for WR# 1805-0738
=CAT  \\$a2225$b40$c20120524$lBLL01$h1516
=CAT  \\$a2225$b40$c20120524$lBLL01$h1626
=CAT  \\$a2225$b40$c20120524$lBLL01$h1629
=CAT  \\$a1805-0738$c20181228$lBLL01$h1832
=CAT  \\$a1805-0738$b00$c20181228$lBLL01$h1916
=FIN  \\$aY$d20120524
=SRC  \\$aESTC
=LAS  \\$a1805-0738$b00$c20181228$lBLL01$h1916

