=LDR  02370 as a2200649 a 4500
=001  016096630
=003  Uk
=005  20120531122747.0
=007  t|
=008  070215c20059999mauqr\p\\\\\\\0\\\a0eng\c
=FMT  \\$a  SE
=010  \\$a  2007234074
=022  0\$a1558-4879$l1558-4879$z1558-4887$21
=035  \\$a(OCoLC)83774330
=037  \\$bHarvard Business School Publishing Corporation, Attn: Customer Service, 60 Harvard Way, Boston, MA 02163
=040  \\$aUk$beng$cUk$dUk
=042  \\$aukblsr
=050  10$aISSN RECORD
=082  10$a330$214
=222  \0$aHarvard business review onPoint
=245  00$aHarvard business review onPoint.
=246  3\$aHarvard business review on point
=246  30$aOnPoint
=246  3\$aOn point
=260  \\$aBoston, Mass. :$bHarvard Business School Pub. Corp.
=300  \\$av.
=310  \\$aQuarterly
=336  \\$atext$2rdacontent
=337  \\$aunmediated$2rdamedia
=338  \\$avolume$2rdacarrier
=362  1\$aBegan in 2005.
=500  \\$aDescription based on: Winter 2006; title from cover.
=500  \\$a"Executive ed."
=500  \\$aIssues also have distinctive titles.
=540  \\$aBritish Library not licensed to copy$c0$5Uk
=650  \0$aBusiness$vPeriodicals.
=650  \0$aEconomic history$vPeriodicals.
=650  \0$aManagement$vPeriodicals.
=710  2\$aHarvard Business School Publishing Corporation.
=852  41$aBritish Library$bSTI$cBIPC
=CAT  \\$a12025$b40$c20120531$lBLL01$h1227
=CAT  \\$aBATCH-CLA$b00$c20121130$lBLL01$h1242
=CAT  \\$aIPL-CLA$c20121231$lBLL01$h1336
=CAT  \\$aIPL-CLA$c20130102$lBLL01$h1816
=CAT  \\$aBATCH-CLA$b00$c20130830$lBLL01$h1629
=CAT  \\$aIPL-CLA$c20130930$lBLL01$h1814
=CAT  \\$aBATCH-CLA$b00$c20140228$lBLL01$h1617
=CAT  \\$aIPL-CLA$c20140331$lBLL01$h1641
=CAT  \\$aBATCH-CLA$b00$c20140530$lBLL01$h1714
=CAT  \\$aIPL-CLA$c20140630$lBLL01$h1756
=CFI  0\$aBritish Library not licensed to copy$c0$e01-jul-2014$hC$iCFP Excluded$5Uk
=CFI  2\$aBritish Library not licensed to copy$c0$e01-apr-2014$hC$iCFP Excluded$5Uk
=FIN  \\$aY$d20120531
=SRC  \\$aBLL02
=ACF  \\$aBritish Library not licensed to copy$c0$e01-jan-2013$hC$iCFP Excluded$5Uk
=ACF  \\$aBritish Library not licensed to copy$c0$e01-oct-2013$hC$iCFP Excluded$5Uk
=LAS  \\$aIPL-CLA$b00$c20140630$lBLL01$h1756

