=LDR  02081 am a2200445   4500
=001  016096878
=003  Uk
=005  20120531170525.0
=008  041109s1696\\\\enk||||\\\\\\\000\0|eng\c
=FMT  \\$a  BK
=035  \\$a(Uk-ES)006152531
=040  \\$aCU-RivES$cCU-RivES$edcrb
=100  1\$aLocke, John,$d1632-1704.
=245  10$aSome considerations of the consequences of the lowering of interest,$band raising the value of money. In a letter sent to a Member of Parliament, 1691.
=246  3\$aFurther considerations concerning raising the value of money. ... The second edition
=246  3\$aShort observations on a printed paper, intituled, For encouraging the coining silver money in England
=250  \\$aThe second edition corrected.
=264  \1$aLondon :$bprinted for Awnsham and John Churchill, at the Black-Swan in Pater-Noster-Row,$c1696.
=300  \\$a[2], 4, 192, [24], 111, [3] pages ;$c17 cm. (8º)
=336  \\$atext$2rdacontent
=337  \\$aunmediated$2rdamedia
=338  \\$avolume$2rdacarrier
=340  \\$m8vo$2rdabf
=500  \\$a"Further considerations concerning raising the value of money. ... The second edition" has separate title page, dated 1695, pagination and register.
=500  \\$aWith errata and advertisements.
=500  \\$a"Short observations on a printed paper, intituled, For encouraging the coining silver money in England," (caption title) begins new pagination and register.
=510  4\$aESTC,$cR236898
=510  4\$aWing (CD-ROM, 1996),$cL2761
=648  \7$a1641-1700$2local
=650  \0$aMoney$vEarly works to 1800.
=650  \0$aInterest$vEarly works to 1800.
=752  \\$aGreat Britain$bEngland$dLondon.
=852  41$aBritish Library$bHMNTS$qCopy at XXXX. Imperfect: wanting the titlepage and all after p.192
=985  \\$aCorrected by MS generated file for WR# 1805-0738
=CAT  \\$a2225$b40$c20120531$lBLL01$h1705
=CAT  \\$a1805-0738$c20181228$lBLL01$h1832
=CAT  \\$a1805-0738$b00$c20181228$lBLL01$h1916
=FIN  \\$aY$d20120531
=SRC  \\$aESTC
=LAS  \\$a1805-0738$b00$c20181228$lBLL01$h1916

