=LDR  01427 am a2200445 a 4500
=001  016100045
=003  Uk
=005  20120813180815.0
=008  120606s2011\\\\enka\\\\\\\\\|000\0|eng\\
=FMT  \\$a  BK
=015  \\$aGBB278928$2bnb
=016  7\$a016100045$2Uk
=020  \\$a9781906205768 (v. 2 : pbk.)
=020  \\$a9781906205850 (v. 3 : pbk.)
=040  \\$aUk$beng$cUk
=041  0\$aeng$achi
=042  \\$aukblsr
=082  04$a895.108$223
=100  1\$aChan, Joan,$d1935-
=245  10$aEast meets West /$ctranslated and edited by Joan Chan.
=250  \\$aBilingual version.
=260  \\$aBirkenhead :$bAppin Press,$c2011.
=300  \\$a3 v. :$bill. ;$c21 cm.
=336  \\$atext$2rdacontent
=337  \\$aunmediated$2rdamedia
=338  \\$avolume$2rdacarrier
=588  \\$aDescription based on : Vol. 2, published 2011.
=650  \0$aChinese literature$vTranslations into English.
=650  \0$aEast and West.
=852  41$aBritish Library$bHMNTS$ivol. 2
=852  41$aBritish Library$bHMNTS$ivol. 3
=985  \\$aCounted. To copy cat for translit.
=CAT  \\$a12323$b40$c20120606$lBLL01$h1226
=CAT  \\$a12323$b40$c20120606$lBLL01$h1227
=CAT  \\$a12323$b40$c20120606$lBLL01$h1228
=CAT  \\$a8980$b40$c20120813$lBLL01$h1801
=CAT  \\$a8980$b40$c20120813$lBLL01$h1808
=CAT  \\$aWR16_021$c20160705$lBLL01$h1804
=FIN  \\$aY$d20120813
=LAS  \\$aWR16_021$b00$c20160705$lBLL01$h1804

