=LDR  01386 am a2200385   4500
=001  016100443
=003  Uk
=005  20120607113232.0
=008  920825s1737\\\\enk||||\\\\\\\00||1|eng\c
=FMT  \\$a  BK
=035  \\$a(Uk-ES)006308368
=040  \\$aUk-ES$cUk-ES$dCU-RivES$dCStRLIN$dCU-RivES
=100  1\$aDodsley, Robert,$d1704-1764.
=245  14$aThe Toy-shop.$bTo which are added, epistles and poems on several occasions.$cBy Robert Dodsley.
=264  \1$aLondon :$bprinted for the author; and Lawton Gilliver,$c1737.
=300  \\$a59, [1] pages ;$c17 cm. (12º)
=336  \\$atext$2rdacontent
=337  \\$aunmediated$2rdamedia
=338  \\$avolume$2rdacarrier
=340  \\$m12mo$2rdabf
=500  \\$a'Epistles and poems' has a separate titlepage.
=510  4\$aESTC,$cT213899
=648  \7$a1701-1800$2local
=650  \0$aEnglish drama.
=752  \\$aGreat Britain$bEngland$dLondon.
=852  41$aBritish Library$bHMNTS$qCopy at RB.23.a35344(2). Imperfect: wanting pp. 53-56.
=985  \\$aCorrected by MS generated file for WR# 1805-0738
=CAT  \\$a2225$b40$c20120607$lBLL01$h1130
=CAT  \\$a2225$b40$c20120607$lBLL01$h1132
=CAT  \\$a9572$b40$c20170904$lBLL01$h1315
=CAT  \\$a1805-0738$c20181228$lBLL01$h1832
=CAT  \\$a1805-0738$b00$c20181228$lBLL01$h1916
=FIN  \\$aY$d20120607
=SRC  \\$aESTC
=LAS  \\$a1805-0738$b00$c20181228$lBLL01$h1916

