=LDR  01432pam a2200421 a 4500
=001  016103204
=003  Uk
=005  20131009123629.0
=008  120521s2013\\\\flua\\\\\b\\\\001\0\eng\d
=FMT  \\$a  BK
=015  \\$aGBB257351$2bnb
=016  7\$a016103204$2Uk
=020  \\$a9781439894910 (hbk.) :$c£114.00
=020  \\$a1439894914 (hbk.) :$c£114.00
=040  \\$aStDuBDS$beng$cStDuBDS$dUk
=042  \\$aukblcatcopy
=082  04$a681.761$223
=100  1\$aFries, Richard C.
=245  10$aReliable design of medical devices /$cRichard C. Fries.
=250  \\$a3rd ed.
=260  \\$aBoca Raton, Fla. :$bCRC Press,$cc2013.
=300  \\$axxix, 501 p. :$bill. ;$c24 cm.
=336  \\$atext$2rdacontent
=337  \\$aunmediated$2rdamedia
=338  \\$avolume$2rdacarrier
=500  \\$aPrevious ed.: 2006.
=504  \\$aIncludes bibliographical references and index.
=500  \\$aFormerly CIP.$5Uk
=650  \0$aMedical instruments and apparatus$xDesign and construction.
=650  \0$aMedical instruments and apparatus$xDesign and construction$xStandards.
=650  \0$aComputer software$xDevelopment.
=852  11$aBritish Library$bHMNTS$k(B)$h681.761
=CAT  \\$aBATCH-CIPN$b00$c20120612$lBLL01$h1700
=CAT  \\$a6923$b40$c20121031$lBLL01$h1027
=CAT  \\$a6632$b40$c20131009$lBLL01$h1236
=CAT  \\$aWR16_021$c20160705$lBLL01$h1805
=FIN  \\$aY$d20121031
=LAS  \\$aWR16_021$b00$c20160705$lBLL01$h1805

