=LDR  01347 am a2200397   4500
=001  016108249
=003  Uk
=005  20120620123724.0
=008  870128s1767\\\\stk||||\\\\\\\000|0|eng\c
=FMT  \\$a  BK
=035  \\$a(Uk-ES)006262906
=040  \\$aUk-ES$cUk-ES$dCU-RivES$dCStRLIN
=100  10$aStayley, George,$d1727-1779?.
=245  14$aThe Querist:$cor Mr. Stayley's address to the managers and performers. Referred to the public.
=264  \1$a[Edinburgh],$c[1767]
=300  \\$a4 pages ;$c37 cm. (2º)
=336  \\$atext$2rdacontent
=337  \\$aunmediated$2rdamedia
=338  \\$avolume$2rdacarrier
=340  \\$m2º
=500  \\$aSigned: G. Stayley.
=500  \\$aDated at end: Edinburgh, Jan. 14. 1767.
=500  \\$aDrop-head title.
=500  \\$aHorizontal chain lines.
=510  4\$aESTC,$cT168062
=648  \7$a1701-1800$2local
=752  \\$aGreat Britain$bScotland$dEdinburgh.
=852  41$aBritish Library$bHMNTS$qCopy at XXXX. Imperfect: creased, affecting text.
=985  \\$aCorrected by MS generated file for WR# 1805-0738
=CAT  \\$a2225$b40$c20120620$lBLL01$h1237
=CAT  \\$a1805-0738$c20181228$lBLL01$h1832
=CAT  \\$a1805-0738$b00$c20181228$lBLL01$h1916
=CAT  \\$aBATCH-UPD$b00$c20181229$lBLL01$h0406
=FIN  \\$aY$d20120620
=SRC  \\$aESTC
=LAS  \\$aBATCH-UPD$b00$c20181229$lBLL01$h0406

