=LDR  01425 am a2200373   4500
=001  016109302
=003  Uk
=005  20190207100436.0
=008  891012s1759\\\\enk||||\\\\\\\000|0|eng\c
=FMT  \\$a  BK
=035  \\$a(Uk-ES)006289969
=040  \\$aUk-ES$cUk-ES$dCStRLIN
=100  1\$aPately, John.
=245  12$aA Letter from John Pately,$bin the English Cavalry in Hanover, to John Stubbs his old comrade in England; giving a true and faithful account of the bloody battle fought by Prince Ferdinand against the French.
=264  \1$a[London?] :$bPrinted for D. Firelock in the Artillery Ground,$c[1759?]
=300  \\$a1 sheet ;$c34 cm. (1/2º)
=336  \\$atext$2rdacontent
=337  \\$aunmediated$2rdamedia
=338  \\$asheet$2rdacarrier
=340  \\$mfolio$2rdabf
=500  \\$aThe bookseller's name in the imprint is fictitious.
=500  \\$aText in dialect.
=510  4\$aESTC,$cT195363
=648  \7$a1701-1800$2local
=752  \\$aGreat Britain$bEngland$dLondon.
=852  41$aBritish Library$bHMNTS$qCopy at XXXX. Imperfect: damaged, affecting text.
=985  \\$aCorrected by MS generated file for WR# 1805-0738
=CAT  \\$a2225$b40$c20120622$lBLL01$h1143
=CAT  \\$a1805-0738$c20181228$lBLL01$h1832
=CAT  \\$a1805-0738$b00$c20181228$lBLL01$h1916
=CAT  \\$aW1902-0386$c20190207$lBLL01$h1004
=FIN  \\$aY$d20120622
=SRC  \\$aESTC
=LAS  \\$aW1902-0386$b00$c20190207$lBLL01$h1004

