=LDR  01328 am a2200361 a 4500
=001  016110040
=003  Uk
=005  20120625134112.0
=008  080914s1906\\\\ii\\\\\\\\\\\\000\0\tam\d
=FMT  \\$a  BK
=035  \\$a(OCoLC)249950929
=040  \\$aGZM$cGZM$dGZM
=042  \\$aukblsr
=100  1\$aPārttacārati Ayyaṅkār, Pe.
=245  10$aVētāntapōtin̲i :$ballatu Nālu Ciṣyarkaḷiṇ Katai /$cnan̲r̲āy paricōtikkappaṭṭu Pe. Pārttacārati Ayyaṅkār avarkaḷāl patippikkappaṭṭu.
=246  14$aVedanta bothini or a story of the Four disciples.
=246  14$aVedanta Bothini or A Story of the Four Disciples
=250  \\$a[3rd] Mūn̲r̲āvatu patippu.
=260  \\$aMadras :$bPe. Pārttacārati Ayyaṅkār,$c1906$f(The Taylor Works)
=300  \\$a211 p. ;$c18 cm.
=336  \\$atext$2rdacontent
=337  \\$aunmediated$2rdamedia
=338  \\$avolume$2rdacarrier
=500  \\$aA story set in Amarāvati, setting out teachings on the tenets of Vedanta.
=546  \\$aIn Tamil.
=650  \0$aTamil fiction$y20th century
=650  \0$aHinduism$xDoctrines.
=650  \0$aVedanta$xFiction.
=852  41$aBritish Library$bOC$pTam.B.1067
=CAT  \\$a8803$b40$c20120625$lBLL01$h1341
=FIN  \\$aY$d20120625
=SID  \\$aZ39$bOCLC
=LAS  \\$a8803$b40$c20120625$lBLL01$h1341

