=LDR  03051cas a2200769 a 4500
=001  016113805
=003  Uk
=005  20221231231556.0
=007  ta
=008  120629d2008201usw\ar\p\\\\\\\0\\\a0eng\\
=FMT  \\$a  SE
=040  \\$aUk$beng$cUk
=042  \\$aukblsr
=082  04$a634.98072$223
=110  2\$aInnventia Group.
=245  10$aAnnual review ... /$cInnventia Group.
=246  17$aInnventia Group annual review
=260  \\$aStockholm :$bInnventia AB
=300  \\$av. :$bcol. ill., col. ports. ;$c30 cm.
=336  \\$atext$2rdacontent
=337  \\$aunmediated$2rdamedia
=338  \\$avolume$2rdacarrier
=362  1\$aBegan in 2008.
=362  1\$aCeased with 2017.
=583  0\$aNot selected$c20150129$kLC
=588  \\$aDescription based on: 2010 issue.
=540  \\$aCurrent Copyright Fee: GBP25.00$c0$5Uk
=610  20$aInnventia Group$vPeriodicals.
=610  20$aInnventia Group$xFinance$vPeriodicals.
=650  \0$aForest products$xResearch$vPeriodicals.
=780  00$aSTFI-Packforsk AB.$tAnnual review
=852  11$aBritish Library$bSTI$cBIPC$kBIS$3(2010)-2017
=945  \\$aAnnual review- Innventia Group
=979  \\$aBritish Library$bDSC$j1520.223410N
=985  \\$aInnventia Group merged to become part of RISE Bioeconomy.
=CAT  \\$a6558$b40$c20120629$lBLL01$h1704
=CAT  \\$a6558$b40$c20120629$lBLL01$h1706
=CAT  \\$a6558$b40$c20120629$lBLL01$h1708
=CAT  \\$a11205$b40$c20121122$lBLL01$h1032
=CAT  \\$a8962$b40$c20130115$lBLL01$h1253
=CAT  \\$a8871$b40$c20130115$lBLL01$h1646
=CAT  \\$a11205$b40$c20130116$lBLL01$h0942
=CAT  \\$aBATCH-CLA$c20131220$lBLL01$h2117
=CAT  \\$aIPL-CLA$c20140101$lBLL01$h0201
=CAT  \\$a8149$b40$c20150129$lBLL01$h1159
=CAT  \\$aBATCH-CLA$b00$c20161222$lBLL01$h1835
=CAT  \\$aIPL-CLA$c20161231$lBLL01$h0004
=CAT  \\$aBATCH-CLA$b00$c20171222$lBLL01$h2211
=CAT  \\$aIPL-CLA$c20171231$lBLL01$h1814
=CAT  \\$aBATCH-CLA$b00$c20191219$lBLL01$h1758
=CAT  \\$aIPL-CLA$c20191231$lBLL01$h2032
=CAT  \\$aR2001-1524$c20200127$lBLL01$h2057
=CAT  \\$aBATCH-CLA$b00$c20201204$lBLL01$h1608
=CAT  \\$aIPL-CLA$c20201231$lBLL01$h2333
=CAT  \\$a8483$b40$c20210108$lBLL01$h1033
=CAT  \\$a8483$b40$c20210108$lBLL01$h1035
=CAT  \\$aBATCH-CLA$b00$c20221221$lBLL01$h1925
=CAT  \\$aIPL-CLA$c20221231$lBLL01$h2315
=CFI  0\$aCurrent Copyright Fee: GBP25.00$c0$e01-jan-2023$fGBP25.00$g0$hA$5Uk
=CFI  2\$aPrevious Copyright Fee: GBP22.50$c0$e01-jan-2021$fGBP22.50$g0$hA$5Uk
=FIN  \\$aY$d20121122
=ACF  \\$aPrevious copyright fee: GBP12.00$c0$e29-jun-2012$fGBP12.00$g0$hA$5Uk
=ACF  \\$aPrevious Copyright Fee: GBP12.30$c0$e01-jan-2014$fGBP12.30$g0$hA$5Uk
=ACF  \\$aPrevious Copyright Fee: GBP15.00$c0$e01-jan-2017$fGBP15.00$g0$hA$5Uk
=ACF  \\$aPrevious Copyright Fee: GBP17.50$c0$e01-jan-2018$fGBP17.50$g0$hA$5Uk
=ACF  \\$aPrevious Copyright Fee: GBP20.00$c0$e01-jan-2020$fGBP20.00$g0$hA$5Uk
=LAS  \\$aIPL-CLA$b00$c20221231$lBLL01$h2315

