=LDR  02052pam a2200517 i 4500
=001  016118682
=003  Uk
=005  20121205120035.0
=008  120621s2013\\\\ne\\\\\\\b\\\|0|1|0|eng|d
=FMT  \\$a  BK
=015  \\$aGBB265692$2bnb
=016  7\$a016118682$2Uk
=020  \\$a9789004229853 (set : hardback) :$cNo price
=020  \\$a900422985X (set : hardback) :$cNo price
=020  \\$a9789004231962 (v. 1 : hardback)
=020  \\$a9789004231979 (v. 2 : hardback)
=020  \\$z9789004231986 (e-book)
=020  \\$z9004231986 (e-book)
=040  \\$aStDuBDS$beng$cStDuBDS$dUk$erda
=042  \\$aukblsr
=082  04$a231.04409022$223
=100  1\$aFriedman, Russell L.,$eauthor.
=245  10$aIntellectual traditions at the medieval university :$bthe use of philosophical psychology in Trinitarian theology among the Franciscans and Dominicans, 1250-1350 /$cby Russell L. Friedman.
=264  \1$aLeiden :$bBrill ;$c[2013]
=300  \\$a2 volumes (xxi, 1006 pages) ;$c25 cm.
=336  \\$atext$2rdacontent
=337  \\$aunmediated$2rdamedia
=338  \\$avolume$2rdacarrier
=490  0\$aStudien und Texte zur Geistesgeschichte de Mittelalters ;$vBand 108
=504  \\$aIncludes bibliographical references and index.
=500  \\$aFormerly CIP.$5Uk
=650  \0$aTrinity$xHistory of doctrines$yMiddle Ages, 600-1500.
=610  20$aFranciscans$xIntellectual life.
=610  20$aDominicans$xIntellectual life.
=650  \0$aIntellectual life$xReligious aspects$xChristianity$xHistory$yMiddle Ages, 600-1500.
=650  \0$aChurch history$yMiddle Ages, 600-1500.
=650  \0$aPsychology$xPhilosophy.
=852  41$aBritish Library$bHMNTS$iWP.6857/108(2)
=852  41$aBritish Library$bHMNTS$iWP.6857/108(1)
=CAT  \\$aBATCH-CIPN$b00$c20120703$lBLL01$h1701
=CAT  \\$a11250$b40$c20121123$lBLL01$h1205
=CAT  \\$a9665$b40$c20121205$lBLL01$h1200
=CAT  \\$aBATCH-UPD$b40$c20160528$lBLL01$h1729
=CAT  \\$aWR16_021$c20160705$lBLL01$h1807
=FIN  \\$aY$d20121123
=LAS  \\$aWR16_021$b00$c20160705$lBLL01$h1807

