=LDR  01287 as a22003617a 4500
=001  016118921
=003  Uk
=005  20120718152215.0
=007  ta
=008  120704c200u9999enkuu\\\\\\\\\0\\\a0eng\\
=FMT  \\$a  SE
=040  \\$aUk$beng$cUk
=042  \\$aukblsr
=082  04$a338.76107057220941$223
=110  2\$aNorthern & Shell Media Group Limited.
=245  10$a[Annual reports, financial reports etc.] /$cNorthern & Shell Media Group Limited.
=246  13$aCorporate report & financial statements for the year ended 31 December
=260  \\$aLondon :$bNorthern & Shell Media Group Ltd.
=310  \\$aAnnual
=336  \\$atext$2rdacontent
=337  \\$aunmediated$2rdamedia
=338  \\$avolume$2rdacarrier
=588  \\$aDescription based on: Year ended 31 Dec. 2011 issue.
=610  20$aNorthern & Shell Media Group Limited$vPeriodicals.
=650  \0$aCorporation reports$zGreat Britain$vPeriodicals.
=690  7\$aManagement and Business Studies$2blcoll
=852  11$aBritish Library$bSTI$cBIPC$kBIS$3(2011)
=985  \\$aCompany financial reports record.
=CAT  \\$a5997$b40$c20120704$lBLL01$h0735
=CAT  \\$a8871$b40$c20120718$lBLL01$h1522
=CAT  \\$aBATCH-MBS$c20161028$lBLL01$h2114
=FIN  \\$aY$d20120704
=LAS  \\$aBATCH-MBS$b00$c20161028$lBLL01$h2114

