=LDR  01833 cm a2200349 a 4500
=001  016120381
=003  Uk
=005  20120706161804.0
=008  120706m18791881enk||z\|\||||||n\\|\zxx\\
=FMT  \\$a  MU
=040  \\$aUk$beng$cUk
=082  04$a786.2$223
=100  1\$aDevereux, Charles$c(Composer)
=245  10$a[Collection of works for piano solo or duet by Charles Devereux, with one work by Eric Ewald].
=246  18$aMusical library A. 87
=260  \\$aLondon :$bEwald & Co.,$c1879-1881.
=300  \\$a1 v. of music ;$c34 cm.
=336  \\$anotated music$2rdacontent
=337  \\$aunmediated$2rdamedia
=338  \\$avolume$2rdacarrier
=505  0\$aHigh class piano school -- Play, a series of grotesque illustrations for the piano. Fido's quick step ; Slyboots ; Knife & fork ; Who's first? -- The merry monarch, minuet for piano -- The swing of the hammock -- The olden day, R. F. Harvey's favorite Irish ballad transcribed for the piano -- Cavalry march ... pour piano à quatre mains -- The village gossips, morceau caractéristique pour Piano à quatre mains -- Dido, grande valse élégante à quatre mains -- Ida, grande valse élégante pour piano à quatre mains -- Cache-Cache! (Hide & Seek.) Première mazurka pour Piano -- La Fille du Régiment [by D. G. M. Donizetti]. Fantaisie de concert sur l'air tyrolien ... / composée pour piano par Eric Ewald.
=650  \0$aPiano music.
=650  \0$aPiano music (Pianos (2))
=700  1\$aEwald, Eric.
=700  1\$aDonizetti, Gaetano,$d1797-1848.
=852  41$aBritish Library$bDSC$cMUSIC
=CAT  \\$a8870$b40$c20120706$lBLL01$h1451
=CAT  \\$a8870$b40$c20120706$lBLL01$h1545
=CAT  \\$a8870$b40$c20120706$lBLL01$h1618
=CAT  \\$aBATCH-UPD$b40$c20130328$lBLL01$h0053
=FIN  \\$aY$d20120706
=LAS  \\$aBATCH-UPD$b40$c20130328$lBLL01$h0053

