=LDR  01065 cm a2200289 a 4500
=001  016120426
=003  Uk
=005  20120706161511.0
=008  120706s1880\\\\enk||z\|\||||||n\\|\zxx\\
=FMT  \\$a  MU
=040  \\$aUk$beng$cUk
=082  04$a786.2$223
=100  1\$aDevereux, Charles$c(Composer)
=245  14$aThe swing of the hammock :$bmorceau de salon : pour piano /$cpar Ch. Devereux.
=260  \\$aLondon :$bEwald & Co.,$c[1880?]
=300  \\$a5 p. of music ;$c34 cm.
=336  \\$anotated music$2rdacontent
=337  \\$aunmediated$2rdamedia
=338  \\$avolume$2rdacarrier
=650  \0$aPiano music.
=852  41$aBritish Library$bDSC$cMUSIC
=CAT  \\$a8870$b40$c20120706$lBLL01$h1614
=CAT  \\$a8870$b40$c20120706$lBLL01$h1615
=CAT  \\$aBATCH-UPD$b40$c20130328$lBLL01$h0053
=FIN  \\$aY$d20120706
=LKR  \\$aANA$b016120381$lBLL01$r773$mThe swing of the hammock : morceau de salon : pour piano /$n[Collection of works for piano solo or duet by Charles Devereux, with one work by Eric Ewald].
=LAS  \\$aBATCH-UPD$b40$c20130328$lBLL01$h0053

