=LDR  01006 as a2200325 a 4500
=001  016124578
=003  Uk
=005  20120713133703.0
=007  ta
=008  120713c200u9999enkar\p\\\\\\\0\\\a0eng\\
=FMT  \\$a  SE
=015  \\$aGBB269240$2bnb
=040  \\$aUk$beng$cUk
=042  \\$aukblsr
=082  04$a625.209422$223
=110  2\$aSomerset & Dorset Railway Trust.
=245  10$aTrustees' annual report and accounts /$cSomerset & Dorset Railway Trust
=260  \\$a[S.l.] :$bSomerset & Dorset Railway Trust
=300  \\$av. ;$c30 cm.
=310  \\$aAnnual
=336  \\$atext$2rdacontent
=337  \\$aunmediated$2rdamedia
=338  \\$avolume$2rdacarrier
=588  \\$aDescription based on: 2008 issue,
=610  20$aSomerset & Dorset Railway Trust$vPeriodicals.
=650  20$aSomerset & Dorset Railway Trust$xFinance$vPeriodicals.
=852  41$aBritish Library$bHMNTS$qHMNTS$32008-
=CAT  \\$a5997$b40$c20120713$lBLL01$h1337
=FIN  \\$aY$d20120713
=LAS  \\$a5997$b40$c20120713$lBLL01$h1337

