=LDR  01375 as a22004097a 4500
=001  016133634
=003  Uk
=005  20210224125302.0
=007  ta
=008  120727d200u2012enkuu\p\\\\\\\0\\\a0eng\\
=FMT  \\$a  SE
=040  \\$aUk$beng$cUk
=042  \\$aukblsr
=082  04$a338.74$223
=110  2\$aHMV (Firm),$eauthor.
=245  10$a[Annual reports, financial reports, etc.] /$cHMV Group plc.
=246  13$aAnnual report and accounts
=260  \\$aLondon :$bHMV Group plc
=300  \\$av.
=336  \\$atext$2rdacontent
=337  \\$aunmediated$2rdamedia
=338  \\$avolume$2rdacarrier
=588  \\$aDescription based on: Annual report and accounts, 2004.
=588  \\$aLatest issue consulted: Annual report and accounts, 2011.
=610  20$aHMV (Firm)$vPeriodicals.
=650  \0$aBusiness planning$zGreat Britain$vPeriodicals.
=650  \0$aCorporation reports$zGreat Britain$vPeriodicals.
=690  7\$aManagement and Business Studies$2blcoll
=852  41$aBritish Library$bSTI$cBIPC$kBIS$32002-2012
=985  \\$aCompany financial reports record
=CAT  \\$a5110$b40$c20120727$lBLL01$h1152
=CAT  \\$a7416$b40$c20120830$lBLL01$h1625
=CAT  \\$a8124$b40$c20190910$lBLL01$h1213
=CAT  \\$aBATCH-MBS$c20190913$lBLL01$h2154
=CAT  \\$a7764$b40$c20210224$lBLL01$h1253
=FIN  \\$aY$d20120727
=LAS  \\$a7764$b40$c20210224$lBLL01$h1253

