=LDR  02009 am a2200481 i 4500
=001  016165247
=003  Uk
=005  20121121104143.0
=008  120309t20122012gw\a\\\\\b\\\\100\0\ger\c
=FMT  \\$a  BK
=020  \\$a9783875373271 (hd.bd.)
=020  \\$a3875373278 (hd.bd.)
=028  30$aEM 1271$bMerseburger
=035  \\$a(OCoLC)779874691
=040  \\$aOHX$beng$cOHX$dCGU$dCOO$dUk$erda
=042  \\$aukblsr
=050  \4$aML275.7.R4$bA734 2012
=072  \7$aML$2lcco
=110  2\$aArbeitsgemeinschaft für Rheinische Musikgeschichte.$bJahrestagung$d(2007 :$cCologne, Germany)
=245  10$aMusikwissenschaft im Rheinland um 1930 :$bBericht über die Tagung der Arbeitsgemeinschaft für rheinische Musikgeschichte in Köln, September 2007 /$cherausgegeben von Klaus Pietschmann und Robert von Zahn in Verbindung mit Wolfram Ferber und Norbert Jers.
=260  \\$aKassel :$bMerseburger,$c2012, ©2012.
=300  \\$a418 pages :$billustrations (black and white) ;$c25 cm.
=336  \\$atext$2rdacontent
=337  \\$aunmediated$2rdamedia
=338  \\$avolume$2rdacarrier
=490  1\$aBeiträge zur rheinischen Musikgeschichte,$x0522-7046 ;$vBand 171
=504  \\$aIncludes bibliographical references.
=650  \0$aMusic$zGermany$zRhineland-Palatinate$xHistory$y20th century$vCongresses.
=700  1\$aPietschmann, Klaus,$d1972-$eeditor.
=700  1\$aZahn, Robert von,$eeditor.
=700  1\$aFerber, Wolfram.
=700  1\$aJers, Norbert.
=710  2\$aArbeitsgemeinschaft für Rheinische Musikgeschichte.
=830  \0$aBeiträge zur rheinischen Musikgeschichte,$x0522-7046 ;$vBd. 171.
=852  41$aBritish Library$bHMNTS$kWPC.455/171
=CAT  \\$a8197$b40$c20120906$lBLL01$h1410
=CAT  \\$a11312$b40$c20120911$lBLL01$h1123
=CAT  \\$a11312$b40$c20121121$lBLL01$h1037
=CAT  \\$a11312$b40$c20121121$lBLL01$h1041
=CAT  \\$aBATCH-UPD$b40$c20170911$lBLL01$h2026
=FIN  \\$aY$d20120911
=SID  \\$aZ39$bOCLC
=LAS  \\$aBATCH-UPD$b40$c20170911$lBLL01$h2026

