=LDR  01293 am a2200373   4500
=001  016178503
=003  Uk
=005  20120927124229.0
=008  840305s1783\\\\enkf|||\\\\\\\000\1|eng\c
=FMT  \\$a  BK
=035  \\$a(Uk-ES)006057109
=040  \\$aCU-RivES$cCU-RivES$dCU-RivES$dCStRLIN$dCU-RivES$dCU-RivES
=100  1\$aPratt,$cMr.$q(Samuel Jackson),$d1749-1814.
=245  10$aEmma Corbett.$bIn two volumes. ...
=250  \\$aThe seventh edition. ..
=264  \1$aLondon :$bprinted for R. Baldwin, Pater-Noster-Row,$cMDCCLXXXIII [1783]
=300  \\$a2 v, plates ;$c18 cm. (12º)
=336  \\$atext$2rdacontent
=337  \\$aunmediated$2rdamedia
=338  \\$avolume$2rdacarrier
=340  \\$m12mo$2rdabf
=500  \\$aAnonymous. By Samuel Jackson Pratt.
=510  4\$aESTC,$cN6226
=648  \7$a1701-1800$2local
=651  \0$aUnited States$xHistory$yRevolution, 1775-1783$vFiction.
=752  \\$aGreat Britain$bEngland$dLondon.
=852  41$aBritish Library$bHMNTS$pRB.23.a.2927
=985  \\$aCorrected by MS generated file for WR# 1805-0738
=CAT  \\$a2225$b40$c20120927$lBLL01$h1242
=CAT  \\$a1805-0738$c20181228$lBLL01$h1832
=CAT  \\$a1805-0738$b00$c20181228$lBLL01$h1916
=FIN  \\$aY$d20120927
=SRC  \\$aESTC
=LAS  \\$a1805-0738$b00$c20181228$lBLL01$h1916

