=LDR  01657 am a2200457 a 4500
=001  016187800
=003  Uk
=005  20121122164330.0
=008  120930s2012\\\\be\a\\\\\b\\\|001\0\lat\d
=FMT  \\$a  BK
=020  \\$a9782503543987 (v. 1)
=020  \\$a2503543987 (v. 1)
=020  \\$a9782503540900 (v. 2)
=020  \\$a2503540902 (v. 2)
=035  \\$a(OCoLC)811547973
=040  \\$aDKDLA$bdan$cDKDLA$dUk
=041  0\$alat$aeng
=042  \\$aukblsr
=100  0\$aAdémar,$cde Chabannes,$d988-1034.
=245  10$aOpera litvrgica et poetica :$bmvsica cvm textibus /$cAdemari Cabannensis ; cura et studio, James Grier.
=246  13$aAdemari Cabannensis opera liturgica et poetica :$bmusica cum textibus
=260  \\$aTurnhout :$bBrepols,$c2012.
=300  \\$a2 v. :$bill. ;$c26 cm.
=336  \\$atext$2rdacontent
=337  \\$aunmediated$2rdamedia
=338  \\$avolume$2rdacarrier
=490  0\$aCorpus Christianorum. Continuatio Mediaevalis ; 245-245A. Ademari Cabannensis Opera omnia ; pars II
=546  \\$aText in Latin & English.
=504  \\$aIncludes bibliographical references and indexes.
=600  00$aAdémar,$cde Chabannes,$d988-1034.
=610  20$aCatholic Church$xLiturgy$vTexts.
=650  \0$aGregorian chants$zFrance$xHistory and criticism.
=700  1\$aGrier, James,$d1952-
=852  41$aBritish Library$bHMNTS$iX.0100/302(245)
=852  41$aBritish Library$bHMNTS$iX.0100/302(245A)
=CAT  \\$a6098$b40$c20121010$lBLL01$h1424
=CAT  \\$a6989$b40$c20121122$lBLL01$h1203
=CAT  \\$a6989$b40$c20121122$lBLL01$h1643
=FIN  \\$aY$d20121122
=SID  \\$aZ39$bOCLC
=LAS  \\$a6989$b40$c20121122$lBLL01$h1643

