=LDR  01134 am a22003611a 4500
=001  016197726
=003  Uk
=005  20121031163603.0
=008  930414s1960\\\\cau\\\\\\\\\\\000\0\eng\\
=FMT  \\$a  BK
=010  \\$a   93140429 
=040  \\$aDLC$cDLC
=042  \\$aukblcatcopy
=043  \\$an-us---$aa------
=050  00$aHF3118$b.G68 1960
=100  1\$aGould, James Warren.
=245  14$aThe first American contact with Asia /$cby James Warren Gould.
=260  \\$aClaremont, Calif. :$bSociety for Oriental Studies,$c1960.
=300  \\$a11 p. ;$c25 cm.
=336  \\$atext$2rdacontent
=337  \\$aunmediated$2rdamedia
=338  \\$avolume$2rdacarrier
=490  1\$aClaremont Asian studies ;$vno. 7
=500  \\$aCover title.
=504  \\$aIncludes bibliographical references: p. ([8]-11).
=651  \0$aUnited States$xCommerce$zAsia.
=830  \0$aClaremont Asian studies ;$vno. 7.
=852  41$aBritish Library$bOC$iP/V 2478
=CAT  \\$a2407$b40$c20121026$lBLL01$h1012
=CAT  \\$a2407$b40$c20121031$lBLL01$h1636
=FIN  \\$aY$d20121025
=SRC  \\$aBLL02$bpart.2.ar
=LAS  \\$a2407$b40$c20121031$lBLL01$h1636

