=LDR  01374pam a2200409 a 4500
=001  016206065
=003  Uk
=005  20130116121507.0
=008  121029s2013\\\\enka\\\\\b\\\\001\0\eng\d
=FMT  \\$a  BK
=015  \\$aGBB2B2410$2bnb
=016  7\$a016206065$2Uk
=020  \\$a9781848214408 (hbk.) :$c£63.50
=040  \\$aStDuBDS$beng$cStDuBDS$dUk
=042  \\$aukblcatcopy
=082  04$a620.0045$223
=100  1\$aGrous, Ammar.
=245  10$aFracture mechanics 1 :$banalysis of reliability and quality control /$cAmmar Grous.
=260  \\$aOxford :$bISTE/Wiley,$c2013.
=300  \\$axii, 259 pages :$billustrations ;$c24 cm.
=336  \\$atext$2rdacontent
=337  \\$aunmediated$2rdamedia
=338  \\$avolume$2rdacarrier
=490  0\$aMechanical engineering and solid mechanics series
=504  \\$aIncludes bibliographical references and index.
=500  \\$aFormerly CIP.$5Uk
=650  \0$aReliability (Engineering)
=650  \0$aQuality control.
=852  11$aBritish Library$bSTI$k(B)620.0045
=CAT  \\$aBATCH-CIPN$b00$c20121106$lBLL01$h1700
=CAT  \\$a8479$b40$c20130115$lBLL01$h0856
=CAT  \\$a8479$b40$c20130115$lBLL01$h0858
=CAT  \\$a8479$b40$c20130115$lBLL01$h0905
=CAT  \\$a9657$b40$c20130116$lBLL01$h1215
=CAT  \\$aWR16_021$c20160707$lBLL01$h1805
=FIN  \\$aY$d20130116
=LAS  \\$aWR16_021$b00$c20160707$lBLL01$h1805

