=LDR  01240 as a2200361 a 4500
=001  016207492
=003  Uk
=005  20121123160624.0
=007  ta
=008  121108c20129999enkqr\p\\\\\\\0\\\a0eng\\
=FMT  \\$a  SE
=040  \\$aUk$beng$cUk
=042  \\$aukblsr
=082  04$a659.11250941$223
=110  2\$aSpecialist Works (Advertising agency)
=245  10$aNews of the Works.
=260  \\$aLondon :$bThe Specialist Works,$c2012-
=300  \\$av. :$bcol. ill., col. ports. ;$c30 cm.
=310  \\$aQuarterly
=336  \\$atext$2rdacontent
=337  \\$aunmediated$2rdamedia
=338  \\$avolume$2rdacarrier
=362  0\$aIssue 1 (autumn 2012)-
=500  \\$a"Tapping into the world of direct response advertising."
=610  20$aSpecialist Works (Advertising agency)$vPeriodicals.
=650  \0$aAdvertising agencies$zGreat Britain$vPeriodicals.
=690  7\$aManagement and Business Studies$2blcoll
=852  11$aBritish Library$bSTI$cBIPC$kTrade Literature Collection$3Issue 1 (Autumn 2012)-issue 7 Autumn (2014)
=CAT  \\$a8323$b40$c20121108$lBLL01$h0931
=CAT  \\$a8871$b40$c20121123$lBLL01$h1606
=CAT  \\$aBATCH-MBS$c20131115$lBLL01$h2134
=FIN  \\$aY$d20121108
=LAS  \\$aBATCH-MBS$b00$c20131115$lBLL01$h2134

