=LDR  01050cas a2200349 a 4500
=001  016213840
=003  Uk
=005  20221004094519.0
=007  ta
=008  121119d20uu201uenkar\p\\r\\\\0\\\a0eng\\
=FMT  \\$a  SE
=015  \\$aGBB2B6222$2bnb
=040  \\$aUk$beng$cUk
=042  \\$aukblsr
=082  04$a387.025$223
=130  0\$aOffice directory (Lloyd's Register)
=245  10$aOffice directory.
=260  \\$aLondon :$bLloyd's Register
=300  \\$av. ;$c19 cm.
=310  \\$aAnnual
=336  \\$atext$2rdacontent
=337  \\$aunmediated$2rdamedia
=338  \\$avolume$2rdacarrier
=588  \\$aDescription based on: 2012/13 issue.
=650  \0$aShipping companies (Marine transportation)$vDirectories.
=710  2\$aLloyd's Register.
=852  11$aBritish Library$bSTI$cBIPC$kTrade Literature Collection$32012/2013-2013/2014
=CAT  \\$a5997$b40$c20121119$lBLL01$h1507
=CAT  \\$a5997$b40$c20190417$lBLL01$h1446
=CAT  \\$a6490$b40$c20221004$lBLL01$h0945
=FIN  \\$aY$d20121119
=LAS  \\$a6490$b40$c20221004$lBLL01$h0945

