=LDR  00872 am a2200289 a 4500
=001  016214305
=003  Uk
=005  20121120164222.0
=008  121120s1915\\\\ii\a\\\b\\\\\\000\1\tamr\
=FMT  \\$a  BK
=040  \\$aUk$beng$cUk
=042  \\$aukblsr
=100  1\$aIrājakōpālaiyaṅkār, Vē.
=245  10$aKataikkottu /$cV. Rajagopala Aiyangar.
=260  \\$aMadras :$bC. Coomarasawmy Naidu & Sons,$c1915.
=300  \\$a5 pts. :$bill. ;$c18 cm.
=336  \\$atext$2rdacontent
=337  \\$aunmediated$2rdamedia
=338  \\$avolume$2rdacarrier
=500  \\$aPrimary school readers.
=650  \0$aTales, Tamil.
=852  41$aBritish Library$bOC$mpTam.B.1700
=CAT  \\$a8803$b40$c20121120$lBLL01$h1308
=CAT  \\$a8803$b40$c20121120$lBLL01$h1631
=CAT  \\$a8803$b40$c20121120$lBLL01$h1642
=FIN  \\$aY$d20121120
=LAS  \\$a8803$b40$c20121120$lBLL01$h1642

