=LDR  01167 am a2200349 a 4500
=001  016235064
=003  Uk
=005  20130328095602.0
=008  120531s2012\\\\ctua\\\\\b\\\\001\0\eng\\
=FMT  \\$a  BK
=010  \\$a  2012022131
=020  \\$a9781567003048 (hardcover : alk. paper)
=040  \\$aDLC$cDLC$dDLC$dUk
=042  \\$aukblcatcopy
=050  00$aTK7870.25$b.S734 2012
=082  00$a621.381$223
=100  1\$aSteinke, Mark E.,$d1976-
=245  10$aContemporary perspectives on air cooling of electronic components /$cMark E. Steinke.
=260  \\$aRedding, Conn. :$bBegell House,$cc2012.
=300  \\$avii, 83 p. :$bill. ;$c27 cm.
=336  \\$atext$2rdacontent
=337  \\$aunmediated$2rdamedia
=338  \\$avolume$2rdacarrier
=490  0\$aSeries in contemporary perspectives in emerging technology
=504  \\$aIncludes bibliographical references and index.
=650  \0$aElectronic apparatus and appliances$xCooling.
=852  11$aBritish Library$bSTI$k621.381
=CAT  \\$a9518$b40$c20121219$lBLL01$h1720
=CAT  \\$a5512$b40$c20130328$lBLL01$h0956
=FIN  \\$aY$d20130328
=SRC  \\$aBLL02
=LAS  \\$a5512$b40$c20130328$lBLL01$h0956

