=LDR  01458 am a22003977i 4500
=001  016235194
=003  Uk
=005  20130321093031.0
=008  121128s2012\\\\ctua\\\\\b\\\\001\0\eng\\
=FMT  \\$a  BK
=010  \\$a  2012045744
=020  \\$a9781567003055 (hardcover)
=040  \\$aDLC$beng$cDLC$dDLC$dUk$erda
=042  \\$aukblcatcopy
=050  00$aQA927$b.G36 2012
=082  00$a531/.1133$223
=100  1\$aGaniev, Rivner Fazylovich.
=245  10$aNonlinear wave mechanics and technologies :$bwave and oscillatory phenomena on the basis of high technologies /$cRivner Fazylovich Ganiev, Leonid Efimovich Ukrainskiy.
=264  \1$aRedding, CT :$bBegell House,$c[2012]
=300  \\$alv, 527 pages :$billustrations ;$c27 cm
=336  \\$atext$2rdacontent
=337  \\$aunmediated$2rdamedia
=338  \\$avolume$2rdacarrier
=504  \\$aIncludes bibliographical references and index.
=650  \0$aNonlinear waves$xMathematical models.
=650  \0$aChannels (Hydraulic engineering)$xMathematical models.
=650  \0$aPorous materials$xMathematical models.
=650  \0$aPipe$xFluid dynamics$xMathematics.
=700  1\$aUkrainskiĭ, Leonid Efimovich.
=852  11$aBritish Library$bSTI$k(B)531.1133
=CAT  \\$a9518$b40$c20121220$lBLL01$h1139
=CAT  \\$a11131$b40$c20130321$lBLL01$h0930
=CAT  \\$aBATCH-UPD$b40$c20170803$lBLL01$h2029
=FIN  \\$aY$d20130321
=SRC  \\$aBLL02
=LAS  \\$aBATCH-UPD$b40$c20170803$lBLL01$h2029

