=LDR  02034 am a2200469 i 4500
=001  016235818
=003  Uk
=005  20141219163322.0
=008  121221s2011\\\\sw\a\\\\\b\\\\001\0\swe\\
=FMT  \\$a  BK
=020  \\$a9789186071721 (paperback)
=040  \\$aUk$beng$cUk$erda
=041  0\$aswe$beng
=042  \\$aukblsr
=100  1\$aRaeder, Johanna Andersson,$d1964-
=245  10$aHellre hustru än änka :$bäktenskapets ekonomiska betydelse för frälsekvinnor i senmedeltidens Sverige /$cJohanna Andersson Raeder.
=264  \1$aStockholm :$bActa Universitatis Stockholmiensis,$c[2011]
=300  \\$a166 pages :$billustrations (black and white) ;$c25 cm.
=336  \\$atext$2rdacontent
=337  \\$aunmediated$2rdamedia
=338  \\$avolume$2rdacarrier
=490  1\$aActa Universitatis Stockholmiensis. Stockholm studies in economic history,$x0346-8305 ;$v59
=546  \\$aIn Swedish; includes summary in English plus other text in English.
=500  \\$aOriginally presented as the author's thesis (doctoral)--Stockholms universitet, 2011.
=504  \\$aIncludes bibliographical references (pages 154-159) and index.
=650  \0$aNobility$zSweden$xHistory.
=650  \0$aMarried couples$zSweden$xHistory.
=650  \0$aMarried couples$xEconomic aspects$zSweden$xHistory.
=650  \0$aMarriage$xEconomic aspects$zSweden$xHistory.
=650  \0$aArranged marriage$zSweden$xHistory.
=650  \0$aPatriarchy$zSweden$xHistory.
=651  \0$aSweden$xHistory$y1397-1523.
=710  2\$aStockholms universitet.
=710  2\$aStockholms universitet.$bEkonomisk-historiska institutionen.
=830  \0$aActa Universitatis Stockholmiensis.$pStockholm studies in economic history$x0346-8305 ;$v59.
=852  11$aBritish Library$bHMNTS$kX.0510/262(59)
=CAT  \\$a8197$b40$c20121221$lBLL01$h1432
=CAT  \\$a11327$b40$c20141217$lBLL01$h1339
=CAT  \\$a11327$b40$c20141217$lBLL01$h1346
=CAT  \\$a11327$b40$c20141219$lBLL01$h1633
=FIN  \\$aY$d20141217
=LAS  \\$a11327$b40$c20141219$lBLL01$h1633

