=LDR  01451cas a2200373 a 4500
=001  016250955
=003  Uk
=005  20130115092306.0
=007  ta
=008  130115c20119999mv\qr\p\r\\\\\0\\\a0eng\\
=FMT  \\$a  SE
=040  \\$aUk$beng$cUk
=042  \\$aukblsr
=245  00$aMoldavian journal of the physical sciences /$cAcademy of Sciences of the Republic of Moldova [and] Science and Technology Development Council of the Republic of Moldova.
=260  \\$aChisinau :$bCentrul LISES al Academiei de Științe a Republicii Moldova,$c2002-.
=300  \\$av. :$bill., charts ;$c29 cm.
=310  \\$aQuarterly.
=336  \\$atext$2rdacontent
=337  \\$aunmediated$2rdamedia
=338  \\$avolume$2rdacarrier
=362  0\$aVol. 1, no. 1 (2002)-
=500  \\$aLatest issue consulted: Vol. 10, No.2 (2002).
=550  \\$aIssued also by: Physical Society of Moldova, 2002/3-
=588  \\$aDescription based on: Vol.10, No.1. (2011).
=650  \0$aPhysics$vPeriodicals.
=710  2\$aAcademia de Științe a Republicii Moldova.
=710  2\$aConsiliul pentru Știință și Dezvoltare Tehnologica a Republicii Moldova.
=710  2\$aSocietatea de Fizică a Moldovei.
=852  41$aBritish Library$bSTI$cBSPA
=CAT  \\$a13151$b40$c20130115$lBLL01$h0923
=CAT  \\$aBATCH-UPD$b40$c20161020$lBLL01$h2043
=CAT  \\$aBATCH-UPD$b40$c20230628$lBLL01$h2037
=FIN  \\$aY$d20130115
=LAS  \\$aBATCH-UPD$b40$c20230628$lBLL01$h2037

