=LDR  03053 am a2200469 a 4500
=001  016258352
=003  Uk
=005  20130429080013.0
=007  co\cg|||||||||
=008  121217s2013\\\\vaua\\\\\b\\\\101\0\eng\d
=FMT  \\$a  BK
=020  \\$a0784412642
=020  \\$a9780784412640
=035  \\$a(OCoLC)822018968
=040  \\$aYDXCP$cYDXCP$dOCLCQ$dUMC$dUk
=050  \4$aTA656$b.F664 2012
=082  04$a624.171$223
=111  2\$aForensic Engineering Congress$n(6th :$d2012 :$cSan Francisco, Calif.)
=245  10$aForensic Engineering 2012 :$bgateway to a safer tomorrow : proceedings of the Sixth Congress on Forensic Engineering, October 31-November 3, 2012, San Francisco, California /$csponsored by Technical Council on Forensic Engineering of the American Society of Civil Engineers ; edited by Anthony M. Dolhon ... [et al.].
=246  30$aGateway to a safer tomorrow
=260  \\$aReston, Va. :$bASCE,$cc2013.
=300  \\$a1 CD-ROM :$bcol. ;$c4 3/4 in.
=336  \\$atext$2rdacontent
=337  \\$acomputer$2rdamedia
=338  \\$acomputer disc$2rdacarrier
=500  \\$aTitle from proceedings information screen.
=504  \\$aIncludes bibliographical references and author index.
=538  \\$aSystem requirements (Windows): Windows 2000 (Service Pack 2) or newer; Internet Explorer with Active Content enabled, or Netscape, Mozilla, Firefox, Opera, or any browser able to use Java and JavaScript (the AOL browser is not supported by this product); Java 1.4 or newer (if using a web browser other than Internet Explorer); WebEX Player for recorded presentations; Adobe Reader 7.0 or later for viewing PDF content; Adobe Flash Player.
=538  \\$aSystem requirements (Macintosh): Mac OS X 10.3.4 or newer (older versions will not be able to search); Safari 1.3.1 or newer, Firefox 2.0 or newer (Firefox compatibility on Mac may require the latest Mac OS and Java updates); Java and JavaScript enabled in the web browser; Java 1.4.1 update 2 or newer; WebEX Player for recorded presentations; Adobe Reader 7.0 or later for viewing PDF content; Adobe Flash Player.
=538  \\$aSystem requirements (UNIX/Linux): Netscape, Mozilla, Firefox, Opera, or or any browser able to use Java and JavaScript (the current version of Konqueror (3.4) is not able to perform searches); Java 1.4 or newer; software for viewing recorded presentations is not available for UNIX/Linux systems; Adobe Reader 7.0 or later for viewing PDF content; Adobe Flash Player.
=650  \0$aStructural failures$xInvestigation$vCongresses.
=650  \0$aForensic engineering$vCongresses.
=700  1\$aDolhon, Anthony M.
=710  2\$aTechnical Council on Forensic Engineering (American Society of Civil Engineers)
=710  2\$aAmerican Society of Civil Engineers.
=852  11$aBritish Library$bSTI$k(TB)624.171
=CAT  \\$a9518$b40$c20130123$lBLL01$h1535
=CAT  \\$a11281$b40$c20130415$lBLL01$h0811
=CAT  \\$a11281$b40$c20130429$lBLL01$h0800
=FIN  \\$aY$d20130415
=SID  \\$aZ39$bOCLC
=LAS  \\$a11281$b40$c20130429$lBLL01$h0800

