=LDR  01359 am a2200361 i 4500
=001  016258374
=003  Uk
=005  20161221150940.0
=008  120209s2010\\\\enk\\\\\\c\\\|0|1\0|eng\d
=FMT  \\$a  BK
=010  \\$a  2011535569
=035  \\$a(OCoLC)ocn754088049
=040  \\$aYDXCP$beng$cYDXCP$dUXG$dDLC$dUk$erda
=042  \\$aukblsr
=050  00$aZ1000$b.A47 2010
=082  04$a016.0174$223
=100  1\$aAlston, Robin,$d1933-2011,$ecompiler.
=245  10$aInventory of sale catalogues of named and attributed owners of books sold by retail or auction, 1676-1800 :$ban inventory of sales in the British Isles, America, the United States, Canada, and India /$ccompiled by R.C. Alston.
=264  \1$aYeadon, Yorkshire :$bPrivately printed by Smith Settle ... for the author,$c2010.
=300  \\$a2 volumes (1192 pages) ;$c31 cm
=336  \\$atext$2rdacontent
=337  \\$aunmediated$2rdamedia
=338  \\$avolume$2rdacarrier
=505  0\$av. 1. 1676-1763 -- v. 2. 1765-1800.
=500  \\$aIncludes index.
=650  \0$aBook auctions$y17th century$vCatalogs.
=650  \0$aBook auctions$y18th century$vCatalogs.
=852  11$aBritish Library$bHMNTS$kRAR$h381.45
=CAT  \\$a6503$b40$c20130123$lBLL01$h1554
=CAT  \\$a11250$b40$c20161221$lBLL01$h1509
=FIN  \\$aY$d20161221
=SRC  \\$aBLL02
=LAS  \\$a11250$b40$c20161221$lBLL01$h1509

