=LDR  01248 am a2200349 a 4500
=001  016295956
=003  Uk
=005  20130306181516.0
=008  070918s1920\\\\ii\\\\\\\\\\\\000\0\tam\d
=FMT  \\$a  BK
=020  \\$cAs. 6
=035  \\$a(OCoLC)172984493
=040  \\$aUk$beng$cUk
=041  1\$atam$hsan
=042  \\$aukblsr
=082  0\$a181.482
=100  0\$aŚaṅkarācārya.
=245  10$aAtvaita upatēca pañcaratnam$b"Kiraṇāvaḷi" en̲n̲um viyākkiyān̲attir̲kiṇaṅka Tamiḻuraiyuṭan̲$c[translated by] ōr Atvaita Svāmikaḷ
=250  \\$a1. patippu.
=260  \\$aCen̲n̲ai :$bCātu Irattin̲a Car̲kuru Pustakacālai,$c1920$f(Intiyā Piriṇṭiṅ Orks)
=300  \\$a80 p. ;$c12 cm.
=336  \\$atext$2rdacontent
=337  \\$aunmediated$2rdamedia
=338  \\$avolume$2rdacarrier
=500  \\$aA collection of the sayings of Śaṅkarācārya relating to Advaita.
=546  \\$aSanskrit text in Grantha script with Tamil commentary, in accordance with a text called Kiraṇāvaḷi.
=650  \0$aAdvaita.
=852  41$aBritish Library$bOC$lpTam.B.2431
=CAT  \\$a8803$b40$c20130306$lBLL01$h1815
=FIN  \\$aY$d20130306
=SID  \\$aZ39$bOCLC
=LAS  \\$a8803$b40$c20130306$lBLL01$h1815

