=LDR  01585 as a2200433 i 4500
=001  016312450
=003  Uk
=005  20180418142435.0
=007  ta
=008  130403d20112016enkar\p\\\\\\\0\\\a0eng\\
=FMT  \\$a  SE
=015  \\$aGBB334654$2bnb
=040  \\$aUk$beng$cUk$dUk$erda
=042  \\$aukblsr
=082  04$a363.7280941$223
=110  2\$aViridor (Firm),$eauthor.
=245  10$aViridor sustainability report.
=246  1\$i2016 also entitled:$aViridor's sustainable development goals
=264  \1$aTaunton :$bViridor,$c2012-
=300  \\$billustrations (black and white, and colour) ;$c25 cm
=310  \\$aAnnual
=336  \\$atext$2rdacontent
=337  \\$aunmediated$2rdamedia
=338  \\$avolume$2rdacarrier
=362  0\$a2011/12-
=362  1\$aCeased with 2016 issue.
=610  20$aViridor (Firm)$vPeriodicals.
=650  \0$aRefuse disposal industry$xEnvironmental aspects$vPeriodicals.
=650  \0$aRecycling industry$xEnvironmental aspects$vPeriodicals.
=776  08$iContinued online:$aViridor (Firm).$tViridor sustainability report
=780  00$aViridor (Firm)$tCorporate responsibility report
=852  11$aBritish Library$bSTI$cBIPC$kTrade Literature Collection$32011/2012-2016
=CAT  \\$a11315$b40$c20130403$lBLL01$h1444
=CAT  \\$a11315$b40$c20130409$lBLL01$h0838
=CAT  \\$a3072$b40$c20180418$lBLL01$h1423
=CAT  \\$a3072$b40$c20180418$lBLL01$h1424
=FIN  \\$aY$d20130409
=LKR  \\$aPAR$b015458748$lBLL01$r78000$mViridor sustainability report.$nCorporate responsibility report /
=LAS  \\$a3072$b40$c20180418$lBLL01$h1424

