=LDR  01385 am a2200409 i 4500
=001  016312580
=003  Uk
=005  20130607104956.0
=008  120816s2013\\\\cauab\\\\be\\|0|1\0|eng\\
=FMT  \\$a  BK
=010  \\$a  2012031995
=015  \\$aGBB353566$2bnb
=020  \\$a9781598849950 (set)
=020  \\$a9781598849967 (ebook)
=040  \\$aDLC$beng$cDLC$dUk$erda
=042  \\$aukblsr
=043  \\$ae------
=050  00$aD114$b.F83 2013
=082  00$a940.12$223
=100  1\$aFrassetto, Michael,$eauthor.
=245  14$aThe early medieval world :$bfrom the fall of Rome to the time of Charlemagne /$cMichael Frassetto.
=260  \\$aSanta Barbara, California :$bABC-CLIO,$c[2013]
=300  \\$a2 volumes (liv, 740 pages) :$billustrations (black and white), maps (black and white) ;$c27 cm
=336  \\$atext$2rdacontent
=337  \\$aunmediated$2rdamedia
=338  \\$avolume$2rdacarrier
=505  0\$av. 1. A-K -- v. 2. L-Z.
=504  \\$aIncludes bibliographical references and index.
=650  \0$aMiddle Ages$vEncyclopedias.
=650  \0$aCivilization, Medieval$vEncyclopedias.
=651  \0$aEurope$xHistory$y392-814$vEncyclopedias.
=852  41$aBritish Library$bHMNTS$cSPHOA
=CAT  \\$a6503$b40$c20130404$lBLL01$h0929
=CAT  \\$a11009$b40$c20130607$lBLL01$h1049
=FIN  \\$aY$d20130607
=SRC  \\$aBLL02
=LAS  \\$a11009$b40$c20130607$lBLL01$h1049

