=LDR  01164 am a2200313 a 4500
=001  016318981
=003  Uk
=005  20130412130054.0
=008  130412s1923\\\\ii\\\\\\\\\\\\000\1\tamr\
=FMT  \\$a  BK
=040  \\$aUk$beng$cUk
=042  \\$aukblsr
=100  0\$aAn̲pammāḷ Pāl.
=245  10$aSvarṇāpāy, allatu illar̲a in̲pa rakasyam =$bSworna Boi or the secret of domestic happiness /$cAn̲pammāḷ Pāl.
=250  \\$arev. 2nd. ed
=260  \\$aTiruccin̲āppaḷḷi :$bAn̲pammāḷ Pāl,$c1923$f(Jekam aṇ Kō., Ṭāṭsan̲ Accukkūṭam)
=300  \\$aiii, 256 p. ;$c18 cm.
=336  \\$atext$2rdacontent
=337  \\$aunmediated$2rdamedia
=338  \\$avolume$2rdacarrier
=500  \\$aNovel, with a Christian message, first edition published with the title: Aḻakammāḷ
=650  \0$aTamil fiction$y20th century
=650  \0$aChristian fiction, Tamil
=700  0\$aAn̲pammāḷ Pāl.$tAḻakammāḷ
=852  41$aBritish Library$bOC$pTam.B.3782
=CAT  \\$a8803$b40$c20130412$lBLL01$h1300
=CAT  \\$aBATCH-UPD$b40$c20140404$lBLL01$h2133
=FIN  \\$aY$d20130412
=LAS  \\$aBATCH-UPD$b40$c20140404$lBLL01$h2133

