=LDR  01330cam a2200349 a 4500
=001  016322350
=003  Uk
=005  20130417173038.0
=008  130417s1853\\\\ii\f\\\\\\\\\\000\0\tamr\
=FMT  \\$a  BK
=040  \\$aUk$beng$cUk$erda
=041  0\$atam$hkan
=042  \\$aukblsr
=245  00$aMān̲iṭavirutaya viḷakkam :$bKan̲n̲aṭiyap pāṣaiyiliruntu Tamiḻil moḻipeyarttatu /$cedited by C.M.P. Boanerges.
=246  11$aA picture of human heart
=250  \\$a1. ed.
=260  \\$aMadras :$bC.M.P. Boanerges,$c1853.
=300  \\$a113 p., 10 leaves of plates :$bBlack and white ill., charts;$c19 cm.
=336  \\$atext$2rdacontent
=337  \\$aunmediated$2rdamedia
=338  \\$avolume$2rdacarrier
=500  \\$aHymns and meditations, translated into Tamil from the Kannada translation by H. Moegling, Missionary at Mangalore, being a Christian account of the journey of a human soul, through sin to redemption.
=650  \0$aHymns
=650  \0$aMeditations
=700  1\$aBoanerges, C. M. Peter
=700  1\$aMögling, Herrmann,$d1811-1881.
=852  41$aBritish Library$bOC$ppTam.C.1959
=CAT  \\$a8803$b40$c20130417$lBLL01$h1717
=CAT  \\$a8803$b40$c20130417$lBLL01$h1730
=CAT  \\$aBATCH-UPD$b40$c20231004$lBLL01$h0359
=FIN  \\$aY$d20130417
=LAS  \\$aBATCH-UPD$b40$c20231004$lBLL01$h0359

