=LDR  01248ccm a2200397 a 4500
=001  016469966
=003  Uk
=005  20141022180454.0
=008  760816s1972\\\\fr\zza\\\\\\\\\n\\\\zxx\\
=FMT  \\$a  MU
=010  \\$a72211379
=028  21$aA.L. 24.544$bÉditions musicales A. Leduc
=035  \\$a(OCoLC)2378096
=040  \\$aDLC$beng$cOBM$dIUG$dOCL$dOCLCG$dCRU$dWAU$dUk
=042  \\$aukblsr
=045  \\$ax7x7
=048  \\$awa01$atb01
=050  14$aM297.B69$bP6
=082  04$a785.44192$223
=100  1\$aBozza, Eugène,$d1905-1991,$ecomposer.
=245  10$aPolydiaphonie :$bpour flûte et guitare /$cEugène Bozza.
=264  \1$aParis :$bÉditions musicales A. Leduc,$cc1972.
=300  \\$a1 score (15 p.) + 1 part (7 p.) ;$c32 cm.
=306  \\$a001700
=336  \\$anotated music$2rdacontent
=337  \\$aunmediated$2rdamedia
=338  \\$avolume$2rdacarrier
=500  \\$aFor flute and guitar.
=500  \\$aDuration: 17 min.
=650  \0$aFlute and guitar music$vScores and parts.
=852  41$aBritish Library$bMUSIC$lg.1465.ww.(4.)
=CAT  \\$a7988$b40$c20130809$lBLL01$h0900
=CAT  \\$a12274$b40$c20141022$lBLL01$h1804
=FIN  \\$aY$d20141022
=SID  \\$aZ39$bOCLC
=LAS  \\$a12274$b40$c20141022$lBLL01$h1804

