=LDR  01344 am a22004217a 4500
=001  016488496
=003  Uk
=005  20140808110453.0
=008  140227s2014\\\\ne\a\\\\\b\\\\001\0\eng\d
=FMT  \\$a  BK
=010  \\$a  2012276067
=015  \\$aGBB483421$2bnb
=016  7\$a016488496$2Uk
=020  \\$a0123948029
=020  \\$a9780123948021
=035  \\$a(OCoLC)ocn811206363
=040  \\$aYDXCP$cYDXCP$dBTCTA$dUKMGB$dCDX$dCAI$dOCLCF$dDLC$dUk
=042  \\$aukblcatcopy
=050  00$aQR186.7$b.A5793 2014
=082  00$a615.3/7$223
=245  00$aAntibody Fc :$blinking adaptive and innate immunity /$c[ed. by] Margaret E. Ackerman, Falk Nimmerjahn.
=250  \\$a1st ed.
=260  \\$aAmsterdam ;$aBurlington :$bElsevier/Academic Press,$cc2014.
=300  \\$axii, 363 p. :$bill. (some col.) ;$c25 cm.
=336  \\$atext$2rdacontent
=337  \\$aunmediated$2rdamedia
=338  \\$avolume$2rdacarrier
=504  \\$aIncludes bibliographical references and index.
=650  \0$aImmunoglobulins.
=650  \0$aAntibody diversity.
=700  1\$aAckerman, Margaret E.
=700  1\$aNimmerjahn, Falk.
=852  11$aBritish Library$bSTI$k615.37
=CAT  \\$aBATCH-CIPN$b00$c20130903$lBLL01$h1700
=CAT  \\$a11131$b40$c20140808$lBLL01$h1104
=FIN  \\$aY$d20140808
=SRC  \\$aBLL02
=LAS  \\$a11131$b40$c20140808$lBLL01$h1104

