=LDR  01197 as a2200361 i 4500
=001  016505997
=003  Uk
=005  20211011124140.0
=007  ta
=008  130927d20132014stkfr\p\\\\\\\0\\\a0eng\\
=FMT  \\$a  SE
=040  \\$aUk$beng$cUk$erda
=042  \\$aukblsr
=082  04$a676$223
=245  00$aTR talk.
=246  3\$aTullis Russell talk
=264  \1$a[Markinch, Fife] :$bTullis Russell,$c2013-2014
=300  \\$billustrations (black and white, and colour) ;$c30 cm
=310  \\$aSemiannual
=336  \\$atext$2rdacontent
=337  \\$aunmediated$2rdamedia
=338  \\$avolume$2rdacarrier
=362  0\$aIssue 01 (June 2013)-
=610  20$aTullis Russell (Firm)$vPeriodicals.
=710  2\$aTullis Russell (Firm)
=780  00$aTullis Russell (Firm).$tTRQ
=852  41$aBritish Library$bSTI$cBIPC$kTrade Literature Collection$3Issue 1 (Jun. 2013)-issue 4 (Winter 2014)
=CAT  \\$a10973$b40$c20130927$lBLL01$h1421
=CAT  \\$a8871$b40$c20140226$lBLL01$h1058
=CAT  \\$a6490$b40$c20211011$lBLL01$h1241
=FIN  \\$aY$d20130927
=LKR  \\$aPAR$b008584865$lBLL01$r78000$mTR talk.$nTRQ : Tullis Russell Group quarterly magazine.
=LAS  \\$a6490$b40$c20211011$lBLL01$h1241

