=LDR  01564 as a2200385 i 4500
=001  016566630
=003  Uk
=005  20131213110256.0
=007  cd\|||||||||||
=008  131213c19uu9999xv\mr\\\\\\\\\0\\\a|slvr\
=FMT  \\$a  SE
=022  \\$a1580-6103
=040  \\$aUk$beng$cUk$erda
=041  0\$aslv$beng
=042  \\$aukblsr
=110  1\$aSlovenia.$bUrad za intelektualno lastnino,$eissuing body.
=245  10$aEspace SI :$bslovenski patentni dokumenti = Slovenian patent documents.
=264  \1$aLjubljana :$bUrad Republike Slovenije za intelektualno lastnino,$capproximately 19uu-
=300  \\$avolumes ;$c4 3/4 in.
=310  \\$aMonthly
=336  \\$atext$2rdacontent
=337  \\$acomputer$2rdamedia
=338  \\$acomputer disc$2rdacarrier
=515  \\$aIssues bear also a month designation.
=520  \\$aThis database contains bibliographic data, and images of Slovenian patent documents. The bibliographic data (including English translations of abstracts) is fully searchable, while the images of the full documents can be displayed and printed.
=546  \\$aIn Slovenian with summaries in English.
=588  \\$aDescription based on: Vol. 2013/001, Jan-Aug 2013.
=650  \0$aPatents$zSlovenia$vPeriodicals.
=852  41$aBritish Library$bSTI$cBIPC$3Volume 1 (Jan./Apr. 2014)-
=CAT  \\$a10039$b40$c20131213$lBLL01$h1015
=CAT  \\$a10039$b40$c20131213$lBLL01$h1016
=CAT  \\$a10039$b40$c20131213$lBLL01$h1100
=CAT  \\$a10039$b40$c20131213$lBLL01$h1102
=FIN  \\$aY$d20131213
=LAS  \\$a10039$b40$c20131213$lBLL01$h1102

