=LDR  01203 as a2200361 i 4500
=001  016588399
=003  Uk
=005  20150825115017.0
=007  ta
=008  131223d201u2013enkuu\p\\\\\\\0\\\a0eng\\
=FMT  \\$a  SE
=015  \\$aGBB3B7439$2bnb
=040  \\$aUk$beng$cUk$erda
=042  \\$aukblsr
=082  04$a338.47647954105$223
=245  00$aPrestige & corporate services :$bmagazine for foodies and facilities managers.
=246  3\$aPrestige and corporate services
=264  \1$a[London] :$bSodexo
=300  \\$billustrations (colour) ;$c30 cm
=336  \\$atext$2rdacontent
=337  \\$aunmediated$2rdamedia
=338  \\$avolume$2rdacarrier
=588  \\$aDescription based on: Autumn 2013 issue.
=650  \0$aHospitality industry$zGreat Britain$vPeriodicals.
=710  2\$aSodexo (Firm),$eauthor.
=785  00$tPrestige (London, England)
=852  11$aBritish Library$bSTI$cBIPC$kTrade Literature Collection$3Autumn (2013)
=CAT  \\$a5997$b40$c20131223$lBLL01$h1357
=CAT  \\$aBATCH-UPD$b40$c20131223$lBLL01$h1358
=CAT  \\$a8871$b40$c20140328$lBLL01$h1612
=CAT  \\$a10973$b40$c20150825$lBLL01$h1150
=FIN  \\$aY$d20131223
=LAS  \\$a10973$b40$c20150825$lBLL01$h1150

