=LDR  01215 as a2200361 i 4500
=001  016605920
=003  Uk
=005  20140117170112.0
=007  ta
=008  140117c20139999enkuu\p\\\\\\\0\\\a0eng\\
=FMT  \\$a  SE
=015  \\$aGBB407189$2bnb
=040  \\$aUk$beng$cUk$erda
=042  \\$aukblsr
=082  04$a667.905$223
=130  0\$aImpact (Bournemouth, England)
=245  10$aImpact.
=246  13$aImpact magazine
=264  \1$a[Bournemouth, Dorset] :$bFinishing Brands,$c2013-
=300  \\$billustrations (black and white, and colour), maps (black and white) ;$c30 cm
=336  \\$atext$2rdacontent
=337  \\$aunmediated$2rdamedia
=338  \\$avolume$2rdacarrier
=362  0\$aIssue #1 (September 2013)-
=610  20$aFinishing Brands (Firm)$vPeriodicals.
=650  \0$aFinishes and finishing$vPeriodicals.
=650  \0$aFinishes and finishing$xEquipment and supplies$vPeriodicals.
=710  2\$aFinishing Brands (Firm)
=852  11$aBritish Library$bSTI$cBIPC$kTrade Literature Collection$3Issue 1 (Sep. 2013)-issue 3 (Nov. 2015)
=CAT  \\$a11205$b40$c20140117$lBLL01$h1223
=CAT  \\$a8871$b40$c20140117$lBLL01$h1701
=FIN  \\$aY$d20140117
=LAS  \\$a8871$b40$c20140117$lBLL01$h1701

