=LDR  01098 as a2200337 i 4500
=001  016635125
=003  Uk
=005  20140225111249.0
=007  ta
=008  140225c19uu9999xxugr\\\\c\\\\0\\\a0eng\\
=FMT  \\$a  SE
=040  \\$aUk$beng$cUk$erda
=042  \\$aukblsr
=082  04$a540.2941$223
=110  2\$aStrem Chemicals,$ecompiler.
=245  10$aCatalog no. ... /$cStrem.
=250  \\$a[UK edition].
=264  \1$aNewburyport, MA, U.S.A. :$bStrem Chemicals, Inc.
=300  \\$billustrations (black and white) ;$c23 cm
=310  \\$aBiennial
=336  \\$atext$2rdacontent
=337  \\$aunmediated$2rdamedia
=338  \\$avolume$2rdacarrier
=500  \\$a"Chemicals for research - metals, inorganics, organometallics, nanomaterials"--Spine.
=588  \\$aDescription based on: no.24, published in 2012.
=610  20$aStrem Chemicals$vCatalogs.
=650  \0$aChemicals$vCatalogs.
=852  11$aBritish Library$bSTI$cBIPC$kTrade Literature Collection$32012/2014, 2014/2016
=CAT  \\$a8323$b40$c20140225$lBLL01$h1112
=FIN  \\$aY$d20140225
=LAS  \\$a8323$b40$c20140225$lBLL01$h1112

