=LDR  01024 cm a2200325 i 4500
=001  016637583
=003  Uk
=005  20140227164004.0
=008  140227q19001950be\stl\|\\\\\\\n\\|\zxx\\
=FMT  \\$a  MU
=028  22$aA. C. 34097$bEdition Cranz
=028  30$a720$bEdition Cranz
=040  \\$aUk$beng$cUk$erda
=042  \\$aukblsr
=082  04$a786.2076$223
=100  1\$aBerens, Hermann,$d1826-1880,$ecomposer.
=240  10$aEtudes enfantines
=245  10$aVingt etudes enfantines :$bop. 79 : piano /$cH. Berens.
=264  \1$aBruxelles :$bEdition Cranz,$c[between 1900 and 1950?]
=300  \\$a1 score (21 pages) ;$c32 cm
=336  \\$anotated music$2rdacontent
=337  \\$aunmediated$2rdamedia
=338  \\$avolume$2rdacarrier
=546  \\$bStaff notation.
=500  \\$aPublisher's number: Edition Cranz no. 720.
=650  \0$aPiano$vStudies and exercises.
=852  41$aBritish Library$bDSC$cMUSIC
=CAT  \\$a8870$b40$c20140227$lBLL01$h1640
=FIN  \\$aY$d20140227
=LAS  \\$a8870$b40$c20140227$lBLL01$h1640

