=LDR  01041 as a2200337 i 4500
=001  016645806
=003  Uk
=005  20140307151757.0
=007  ta
=008  140305c200u9999enkar\p\\\\\\\0\\\a0eng\\
=FMT  \\$a  SE
=040  \\$aUk$beng$cUk$erda
=042  \\$aukblsr
=082  04$a658.5005$223
=110  2\$aDemand Solutions (Firm),$eauthor.
=245  10$aDS magazine.
=246  3\$aDemand solutions magazine
=264  \1$a[Wallington, Surrey] :$bDemand Solutions
=300  \\$billustrations (colour) ;$c28 cm
=310  \\$aAnnual
=336  \\$atext$2rdacontent
=337  \\$aunmediated$2rdamedia
=338  \\$avolume$2rdacarrier
=588  \\$aDescription based on: volume 14 (2014).
=610  20$aDemand Solutions (Firm)$vPeriodicals.
=650  \0$aBusiness logistics$vPeriodicals.
=852  11$aBritish Library$bSTI$cBIPC$kTrade Literature Collection$3Volume 14 (2014)
=CAT  \\$a8124$b40$c20140305$lBLL01$h1030
=CAT  \\$a8871$b40$c20140307$lBLL01$h1517
=FIN  \\$aY$d20140305
=LAS  \\$a8871$b40$c20140307$lBLL01$h1517

