=LDR  01581 as a2200445 i 4500
=001  016659387
=003  Uk
=005  20140326120157.0
=007  ta
=008  140326d20032005enkfr\p\\\\\\\0\\\a0eng\\
=FMT  \\$a  SE
=022  0\$a2055-2920$y1478-2766$202
=040  \\$aUk$beng$cUk$erda
=042  \\$aukblsr$aissnuk
=082  04$a688.7221075$223
=222  \0$aDoll and teddy bears advertiser
=245  00$aDoll and teddy bears advertiser.
=246  13$aDoll advertiser
=264  \1$aBridlington :$bJudy Bebber,$c2003-2005.
=300  \\$billustrations (colour) ;$c30 cm
=310  \\$aSemiannual
=336  \\$atext$2rdacontent
=337  \\$aunmediated$2rdamedia
=338  \\$avolume$2rdacarrier
=362  0\$a10th edition (2003)-15th edition (2005).
=650  \0$aDolls$vPeriodicals.
=650  \0$aDolls$xCollectors and collecting$vPeriodicals.
=650  \0$aDolls$xEquipment and supplies$vPeriodicals.
=650  \0$aTeddy bears$vPeriodicals.
=650  \0$aTeddy bears$xCollectors and collecting$vPeriodicals.
=650  \0$aTeddy bears$xEquipment and supplies$vPeriodicals.
=780  00$tDoll advertiser$x1478-2766
=785  00$tDoll advertiser (2006)$x2055-2939
=852  41$aBritish Library$bHMNTS$kZK.9.a.8465$310th edition (2003)-15th edition (2005)
=CAT  \\$a10973$b40$c20140326$lBLL01$h1021
=CAT  \\$a10973$b40$c20140326$lBLL01$h1022
=CAT  \\$a10973$b40$c20140326$lBLL01$h1201
=FIN  \\$aY$d20140326
=LKR  \\$aPAR$b007890830$lBLL01$r78000$mDoll and teddy bears advertiser$nDoll advertiser
=LAS  \\$a10973$b40$c20140326$lBLL01$h1201

