=LDR  01357cas a2200409 i 4500
=001  016659510
=003  Uk
=005  20140326120236.0
=007  ta
=008  140326c20069999enkfr\p\\\\\\\0\\\a0eng\\
=FMT  \\$a  SE
=015  \\$aGBB434508$2bnb
=022  0\$a2055-2939$y1478-2766$202
=040  \\$aUk$beng$cUk$erda
=042  \\$aukblsr$aissnuk
=082  04$a688.7221075$223
=130  0\$aDoll advertiser (2006)
=222  \0$aDoll advertiser$b(2006)
=245  10$aDoll advertiser.
=264  \1$aBridlington :$bJudy Bebber,$c2006-
=300  \\$billustrations (colour) ;$c30 cm
=310  \\$aSemiannual
=336  \\$atext$2rdacontent
=337  \\$aunmediated$2rdamedia
=338  \\$avolume$2rdacarrier
=362  0\$a16th edition (2006)-
=588  \\$aLatest issue consulted: 32nd edition (2014).
=650  \0$aDolls$vPeriodicals.
=650  \0$aDolls$xCollectors and collecting$vPeriodicals.
=650  \0$aDolls$xEquipment and supplies$vPeriodicals.
=650  \0$aTeddy bears$vPeriodicals.
=780  00$tDoll and teddy bears advertiser$x2055-2920
=852  41$aBritish Library$bHMNTS$kZK.9.a.8465$3Ed. 16 (2006)-ed.48(2022)
=CAT  \\$a10973$b40$c20140326$lBLL01$h1202
=FIN  \\$aY$d20140326
=LKR  \\$aPAR$b016659387$lBLL01$r78000$mDoll advertiser (2006)$nDoll and teddy bears advertiser
=LAS  \\$a10973$b40$c20140326$lBLL01$h1202

