=LDR  01523 am a2200373 a 4500
=001  016680051
=003  Uk
=005  20140404075431.0
=008  120212s2010\\\\ae\\\\\\\b\\\\000\0\ara\d
=FMT  \\$a  BK
=020  \\$a9789961486276
=020  \\$a9961486277
=035  \\$a(OCoLC)778780499
=040  \\$aLEILA$cLEILA$dOSU$dOCLCA
=100  1\$6880-01$aBū Bakr, Jīlālī.
=245  13$6880-02$aal-Iṣlāḥ wa-al-tajdīd ladá Muḥammad Iqbāl wa-Mālik ibn Nabī :$bbayna al-naẓrah al-Ṣūfīyah wa-al-tafsīr al-ʿilmī /$cJīlālī Bū Bakr.
=260  \\$6880-03$aal-Jazāʾir :$bDār al-Maʿrifah,$c[2010?]
=300  \\$a136 p. ;$c24 cm.
=336  \\$atext$2rdacontent
=337  \\$aunmediated$2rdamedia
=338  \\$avolume$2rdacarrier
=504  \\$aIncludes bibliographical references (p. 130-135).
=600  10$aIqbal, Muhammad,$cSir,$d1877-1938.
=600  10$aBennabi, Malek.
=650  \0$aIslamic philosophy$y20th century.
=650  \0$aIslam$y20th century.
=650  \0$aSufism.
=880  1\$6100-01//r$aبو بكر، جيلالي.
=880  12$6245-02//r$aالإصلاح والتجديد لدي محمد إقبال ومالك بن نبي :$bبين النظرة الصوفية والتفسير العلمي /$cجيلالي بو بكر.
=880  \\$6260-03//r$aالجزائر :$bدار المعرفة،$c[2010?]
=852  41$aBritish Library$bOC$mYP.2014.a.4251
=CAT  \\$a12461$b40$c20140404$lBLL01$h0754
=SID  \\$aZ39$bOCLC
=LAS  \\$a12461$b40$c20140404$lBLL01$h0754

