=LDR  02444cam a2200613 i 4500
=001  016710654
=003  Uk
=005  20230223161906.0
=008  140110t20122012fr\ab\\\\b\\\|0|0\0|fre\\
=FMT  \\$a  BK
=010  \\$a  2014588509$z  2013384268
=020  \\$a9782081289949
=040  \\$aDLC$beng$cDLC$dDLC$dUk$erda
=042  \\$aukblsr
=050  00$aG1059$b.T4 2012
=052  \\$a3201
=082  00$a911$223
=100  1\$aLe Testu, Guillaume,$eauthor.
=245  10$aCosmographie universelle selon les navigateurs tant anciens que modernes /$cpar Guillaume Le Testu, pillotte en la mer du Ponent, de la ville françoyse de Grace ; présentation de Frank Lestringant.
=246  18$aCosmographie universelle
=255  \\$aScales differ.
=264  \1$a[Paris] :$bArthaud,$c[2012]
=264  \4$c©2012
=300  \\$a239 pages :$billustrations (colour), maps (colour) ;$c39 cm.
=336  \\$atext$2rdacontent
=336  \\$acartographic image$2rdacontent
=337  \\$aunmediated$2rdamedia
=338  \\$avolume$2rdacarrier
=490  0\$aCarnets des tropiques
=500  \\$aRelief shown pictorially.
=500  \\$aIncludes a facsimile edition of the manuscript atlas, published in 1556 and held in the library of the Service Historique de la Défense, Vincennes, France.
=504  \\$aIncludes bibliographical references (pages 237-239).
=650  \0$aHistorical geography$vMaps.
=650  \0$aWorld history$vMaps.
=650  \0$aNautical charts.
=650  \0$aAtlases, French.
=655  \7$aEarly maps.$2fast$0(OCoLC)fst01752681
=655  \7$aNautical charts.$2fast$0(OCoLC)fst01752706
=655  \7$aPortolan charts.$2fast$0(OCoLC)fst01752683
=655  \7$aWorld atlases.$2fast$0(OCoLC)fst01752695
=700  1\$aLestringant, Frank,$eeditor.
=710  1\$aFrance.$bDirection de la mémoire, du patrimoine et des archives.
=710  1\$aFrance.$bService historique de la défense.
=852  11$aBritish Library$bMAPS$kMaps. Ref. A7 (World) (35).
=985  \\$aUpdated by MS generated file for WR2302-017
=CAT  \\$a01973$b40$c20140508$lBLL01$h0933
=CAT  \\$aBATCH-UPD$b40$c20140508$lBLL01$h0933
=CAT  \\$a11312$b40$c20150416$lBLL01$h1031
=CAT  \\$aBATCH-UPD$b40$c20151202$lBLL01$h0813
=CAT  \\$aBATCH-UPD$b40$c20201216$lBLL01$h2025
=CAT  \\$aW2302-0174$c20230223$lBLL01$h2001
=FIN  \\$aY$d20150416
=SID  \\$aZ39$bLOC
=LAS  \\$aW2302-0174$b00$c20230223$lBLL01$h2001

