=LDR  02364caa a22005537a 4500
=001  013809177
=003  Uk
=005  20221231213955.0
=008  070806s2007\\\\ja\\\\\\\\\\\\100\0\eng\\
=FMT  \\$a  BK
=040  \\$aUk$beng$cUk
=CNF  \\$aNihon University College of Science and Technology 2006 annual conference.$d(2006 Nov$cNihon, Japan)
=245  00$aSpecial issue of Nihon University College of Science and Technology 2006 annual conference.
=260  \\$bNihon University College of Science and Technology.$c2007.
=300  \\$a1 v.
=336  \\$atext$2rdacontent
=337  \\$aunmediated$2rdamedia
=338  \\$avolume$2rdacarrier
=591  \\$aSelected papers.
=540  \\$aCurrent Copyright Fee: GBP25.00$c0$5Uk
=653  1\$aCST
=653  1\$aScience
=653  1\$aTechnology
=710  2\$aNihon University College of Science and Technology 2006 annual conference.
=852  41$aBritish Library$bDSC$m7592.185000$ino. 1 short note
=945  \\$aNihon University College of Science and Technology , ISSN 0370-7024 ; short note no 1 2007
=CAT  \\$a6019$b40$c20070806$lBLL01$h1025
=CAT  \\$a6019$b40$c20070806$lBLL01$h1132
=CAT  \\$aBATCH-CLA$b00$c20140102$lBLL01$h0318
=CAT  \\$aBATCH-CLA$b00$c20161222$lBLL01$h1814
=CAT  \\$aIPL-CLA$c20161230$lBLL01$h2220
=CAT  \\$aBATCH-CLA$b00$c20171222$lBLL01$h2137
=CAT  \\$aIPL-CLA$c20171231$lBLL01$h1708
=CAT  \\$aBATCH-CLA$b00$c20191219$lBLL01$h1739
=CAT  \\$aIPL-CLA$c20191231$lBLL01$h1947
=CAT  \\$aR2001-1524$c20200127$lBLL01$h2023
=CAT  \\$aBATCH-CLA$b00$c20201204$lBLL01$h1543
=CAT  \\$aIPL-CLA$c20201231$lBLL01$h2223
=CAT  \\$aBATCH-CLA$b00$c20221221$lBLL01$h1853
=CAT  \\$aIPL-CLA$c20221231$lBLL01$h2139
=CFI  0\$aCurrent Copyright Fee: GBP25.00$c0$e01-jan-2023$fGBP25.00$g0$hA$5Uk
=CFI  2\$aPrevious Copyright Fee: GBP22.50$c0$e01-jan-2021$fGBP22.50$g0$hA$5Uk
=FIN  \\$aY$d20070806
=TCO  \\$aJPN$bJAACC$c008
=ACF  \\$aPrevious Copyright Fee: GBP12.30$c0$e01-jan-2014$fGBP12.30$g0$hA$5Uk
=ACF  \\$aPrevious Copyright Fee: GBP15.00$c0$e01-jan-2017$fGBP15.00$g0$hA$5Uk
=ACF  \\$aPrevious Copyright Fee: GBP17.50$c0$e01-jan-2018$fGBP17.50$g0$hA$5Uk
=ACF  \\$aPrevious Copyright Fee: GBP20.00$c0$e01-jan-2020$fGBP20.00$g0$hA$5Uk
=LAS  \\$aIPL-CLA$b00$c20221231$lBLL01$h2139

