=LDR  01159caa a22003257a 4500
=001  013810311
=003  Uk
=005  20230116112704.0
=008  070807s2007\\\\at\\\\\\\\\\\\100\0\eng\\
=FMT  \\$a  BK
=040  \\$aUk$beng$cUk
=CNF  \\$aAustralian and New Zealand Society of Nuclear Medicine (Annual scientific meeting)$n(37th :$d2007 May)
=245  00$aHighlights of the 37th annual scientific meeting of the ANZSNM.
=260  \\$bAustralian and New Zealand Society of Nuclear Medicine,$c2007.
=300  \\$ap. 18n-22n.
=336  \\$atext$2rdacontent
=337  \\$aunmediated$2rdamedia
=338  \\$avolume$2rdacarrier
=591  \\$aReport.
=653  1\$aNuclear medicine
=653  1\$aANZSNM
=710  2\$aAustralian and New Zealand Society of Nuclear Medicine.
=852  41$aBritish Library$bDSC$m1566.87900$iv.38. no. 2
=945  \\$aANZ nuclear medicine, ISSN 1324-1435 ; vol 38 no 2 2007
=CAT  \\$a6019$b40$c20070807$lBLL01$h1407
=CAT  \\$a6019$b40$c20070807$lBLL01$h1408
=CAT  \\$a6019$b40$c20070807$lBLL01$h1413
=CAT  \\$a8874$b40$c20230116$lBLL01$h1127
=FIN  \\$aY$d20070807
=LAS  \\$a8874$b40$c20230116$lBLL01$h1127

