=LDR  01277 as a2200397 a 4500
=001  013812208
=003  Uk
=005  20070808112145.0
=007  ta
=008  931108c19939999gw\\x\m\\\\\\\0\\\\0ger\d
=022  \\$a0941-4282
=035  \\$a(OCoLC)29265896
=040  \\$aGIS$cGIS$dUk
=042  \\$aukblsr
=082  04$a600$222
=222  \0$aDMT-Berichte aus Forschung und Entwicklung.
=245  00$aDMT-Berichte aus Forschung und Entwicklung.
=246  10$aDMT Berichte aus Forschung und Entwicklung
=260  \\$aBochum :$bDMT,
=300  \\$av. :$bill. ;$c30 cm.
=310  \\$aIrregular
=336  \\$atext$2rdacontent
=337  \\$aunmediated$2rdamedia
=338  \\$avolume$2rdacarrier
=362  1\$aBegan with 14, published in 1993.
=500  \\$aDescription based on: 21, published in 1993.
=515  \\$aNot published in chronological order; no. 15-17 published in 1992.
=650  \0$aMines and mineral resources.
=650  \0$aMining engineering.
=780  00$at DMT Publik$x0937-2814$w(OCoLC)24768668
=852  71$aBritish Library$bSTI$2blsrissc$3See monograph records for holdings information.
=CAT  \\$a3563$b40$c20070808$lBLL01$h1121
=FMT  \\$a  SE
=LAS  \\$a3563$b40$c20070808$lBLL01$h1121
=SID  \\$aZ39$bOCLC
=TCO  \\$aDEU$bVG WORT$c008

