=LDR  00974 am a22002777a 4500
=001  013812308
=003  Uk
=005  20070808122040.0
=008  040803s1920\\\\enk\\\\\\\\\\\000\0\hebr\
=040  \\$aUk$beng$cUk
=100  1\$aGuṭman, H.,$d1865-
=245  10$6880-01$aḲaṿ la-ḳaṿ.
=260  \\$aLondon :$b"Express" Printers,$c1920.
=300  \\$a11 p. ;$c22 cm.
=336  \\$atext$2rdacontent
=337  \\$aunmediated$2rdamedia
=338  \\$avolume$2rdacarrier
=500  \\$aA first graduated Hebrew reader. Exercises in translation, consisting of excerpts from the prayer book, grammatically arranged. Compiled by the Rev. Henry Goodman [H. Guṭman].
=650  \0$aHebrew language$vReaders.
=852  41$aBritish Library$bOC$mORB30/2192
=880  10$6245-01/(2/r$aקו לקו.
=CAT  \\$a11837$b40$c20070808$lBLL01$h1220
=CAT  \\$aBATCH-UPD$b40$c20130325$lBLL01$h0244
=FIN  \\$aY$d20070808
=FMT  \\$a  BK
=LAS  \\$aBATCH-UPD$b40$c20130325$lBLL01$h0244

