=LDR  01899 am a22004937a 4500
=001  013820366
=003  Uk
=005  20120914101945.0
=006  m\\\\|\\\d\|\\\\\\
=007  co\|g|||||||||
=008  070816s2007\\\\xxu||||\s||||\10|\0\eng\\
=040  \\$aUk$beng$cUk
=245  00$aTrends in sample preparation '07$h[electronic resource] :$babstracts.
=260  \\$aAmherst, Mass. :$bUniversity Research Institute for Analytical Chemistry,$cc2007.
=300  \\$a1 CD-ROM ;$c4 3/4 in. +$e1 contents sheet.
=336  \\$atext$2rdacontent
=337  \\$acomputer$2rdamedia
=338  \\$acomputer disc$2rdacarrier
=490  1\$aICP information newsletter,$x0161-6951 ;$vv. 33 no. 3
=500  \\$aTitle from title screen.
=516  \\$aPDF format.
=538  \\$aSystem requirements: IBM compatible PC.
=591  \\$aAbstracts. Held on CD-ROM.
=595  \\$aShelved in e-store (RMS).
=653  1\$aAnalytical chemistry
=653  1\$aChemistry
=653  1\$aSample preparation
=710  2\$aUniversity Research Institute for Analytical Chemistry.
=830  \0$aICP information newsletter,$x0161-6951 ;$vv. 33 no. 3
=852  41$aBritish Library$bDSC$cF$m4362.065402$iv. 33 no. 3
=945  \\$aICP Information Newsletter -CD-ROM edition-, ISSN 0161-6951 ; vol 33, no 3 2007
=CAT  \\$a10775$b40$c20070816$lBLL01$h1612
=CAT  \\$a11245$b40$c20070822$lBLL01$h1148
=CAT  \\$a11245$b40$c20070828$lBLL01$h0836
=CAT  \\$a11245$b40$c20070828$lBLL01$h0845
=CAT  \\$a11245$b40$c20070828$lBLL01$h1448
=CAT  \\$a11245$b40$c20070828$lBLL01$h1451
=CAT  \\$aBATCH$b00$c20091217$lBLL01$h0503
=CAT  \\$aBATCH$b00$c20100103$lBLL01$h1256
=CAT  \\$a6537$b40$c20120914$lBLL01$h1019
=CNF  \\$aTrends in sample preparation (Conference)$d(2007 Jun :$cSeggau Castle, Austria)
=FIN  \\$aY$d20070822
=FMT  \\$a  BK
=LAS  \\$a6537$b40$c20120914$lBLL01$h1019

