=LDR  01827 aa a22004217a 4500
=001  013827653
=003  Uk
=005  20081118083117.0
=006  m\\\\|\\\d\|\\\\\\
=007  co\|g|||||||||
=008  070828s2007\\\\xxu||||\s||||\10|\0\eng\\
=040  \\$aUk$beng$cUk
=245  00$a53rd International conference on analytical sciences and spectroscopy$h[electronic resource] :$bplasma spectrochemical abstracts.
=260  \\$aAmherst, Mass. :$bUniversity Research Institute for Analytical Chemistry,$cc2007.
=300  \\$a1 CD-ROM ;$c4 3/4 in. +$e1 contents sheet.
=336  \\$atext$2rdacontent
=337  \\$acomputer$2rdamedia
=338  \\$acomputer disc$2rdacarrier
=516  \\$aPDF format.
=538  \\$aSystem requirements: IBM compatible PC.
=591  \\$aSelected abstracts. Also known as ICASS 2007. Held on CD-ROM.
=595  \\$aFor selected papers in print see 5069.090100 vol 94 no 1 2008.
=595  \\$aShelved in Conference Index.
=653  1\$aAnalytical sciences
=653  1\$aSpectroscopy
=653  1\$aICASS
=653  1\$aPlasma spectrochemical
=852  41$aBritish Library$bDSC$cF$m4362.065402$iv. 33 no. 3
=945  \\$aICP information newsletter -CD ROM edition-, ISSN 0161-6951 ; vol 33 no 3 2007
=CAT  \\$a11245$b40$c20070828$lBLL01$h0901
=CAT  \\$a11245$b40$c20070828$lBLL01$h0913
=CAT  \\$a11245$b40$c20070828$lBLL01$h1453
=CAT  \\$a6019$b40$c20081118$lBLL01$h0831
=CNF  \\$aInternational conference on analytical sciences and spectroscopy$n(53rd :$d2007 Jun :$cPeterborough, Canada)
=FIN  \\$aY$d20070828
=FMT  \\$a  BK
=LAS  \\$a6019$b40$c20081118$lBLL01$h0831
=LKR  \\$aANA$b013820366$lBLL01$r773$m53rd International conference on analytical sciences and spectroscopy plasma spectrochemical abstracts.$nTrends in sample preparation '07 abstracts.

