=LDR  01529 aa a22003857a 4500
=001  013827664
=003  Uk
=005  20070828145637.0
=006  m\\\\|\\\d\|\\\\\\
=007  co\|g|||||||||
=008  070828s2007\\\\xxu||||\s||||\10|\0\eng\\
=040  \\$aUk$beng$cUk
=245  00$aWorkshop on multicollector ICP / MS$h[electronic resource] :$babstracts.
=260  \\$aAmherst, Mass. :$bUniversity Research Institute for Analytical Chemistry,$cc2007.
=300  \\$a1 CD-ROM ;$c4 3/4 in. +$e1 contents sheet.
=336  \\$atext$2rdacontent
=337  \\$acomputer$2rdamedia
=338  \\$acomputer disc$2rdacarrier
=516  \\$aPDF format.
=538  \\$aSystem requirements: IBM compatible PC.
=591  \\$aSelected abstracts. Plasma spectrochemical abstracts only. Held on CD-ROM.
=595  \\$aShelved in Conference Index.
=653  1\$aMulticollector ICP/MS
=653  1\$aICP/MS
=653  1\$aPlasma spectrochemical
=653  2\$aInductively coupled plasma
=852  41$aBritish Library$bDSC$cF$m4362.065402$iv. 33 no. 3
=945  \\$aICP information newsletter -CD ROM edition-, ISSN 0161-6951 ; vol 33 no 3 2007
=CAT  \\$a11245$b40$c20070828$lBLL01$h0917
=CAT  \\$a11245$b40$c20070828$lBLL01$h1456
=CNF  \\$aWorkshop on multicollector ICP/MS$d(2007 Jun :$cPeterborough, Canada)
=FIN  \\$aY$d20070828
=FMT  \\$a  BK
=LAS  \\$a11245$b40$c20070828$lBLL01$h1456
=LKR  \\$aANA$b013820366$lBLL01$r773$mWorkshop on multicollector ICP / MS abstracts.$nTrends in sample preparation '07 abstracts.

