=LDR  01600 aa a22003737a 4500
=001  013827676
=003  Uk
=005  20070828145923.0
=006  m\\\\|\\\d\|\\\\\\
=007  co\|g|||||||||
=008  070828s2007\\\\xxu||||\s||||\10|\0\eng\\
=040  \\$aUk$beng$cUk
=245  00$aEuro-Mediterranean symposium on laser-induced breakdown spectroscopy$h[electronic resource] :$bplasma spectrochemical abstracts.
=260  \\$aAmherst, Mass. :$bUniversity Research Institute for Analytical Chemistry,$cc2007.
=300  \\$a1 CD-ROM ;$c4 3/4 in. +$e1 contents sheet.
=336  \\$atext$2rdacontent
=337  \\$acomputer$2rdamedia
=338  \\$acomputer disc$2rdacarrier
=516  \\$aPDF format.
=538  \\$aSystem requirements: IBM compatible PC.
=591  \\$aSelected abstracts. Held on CD-ROM.
=595  \\$aShelved in Conference Index.
=653  1\$aLaser-induced breakdown spectroscopy
=653  1\$aSpectroscopy
=653  1\$aPlasma spectrochemical
=852  41$aBritish Library$bDSC$cF$m4362.065402$iv. 33 no. 3
=945  \\$aICP information newsletter -CD ROM edition-, ISSN 0161-6951 ; vol 33 no 3 2007
=CAT  \\$a11245$b40$c20070828$lBLL01$h0932
=CAT  \\$a11245$b40$c20070828$lBLL01$h1459
=CNF  \\$aEuro-Mediterranean symposium on laser-induced breakdown spectroscopy$d(2007 Sep :$cParis)
=FIN  \\$aY$d20070828
=FMT  \\$a  BK
=LAS  \\$a11245$b40$c20070828$lBLL01$h1459
=LKR  \\$aANA$b013820366$lBLL01$r773$mEuro-Mediterranean symposium on laser-induced breakdown spectroscopy plasma spectrochemical abstracts.$nTrends in sample preparation '07 abstracts.

