=LDR  01767 aa a22004097a 4500
=001  013827684
=003  Uk
=005  20080403092404.0
=006  m\\\\|\\\d\|\\\\\\
=007  co\|g|||||||||
=008  070828s2007\\\\xxu||||\s||||\10|\0\eng\\
=040  \\$aUk$beng$cUk
=245  00$a6th International conference on tunable diode laser spectroscopy$h[electronic resource] :$bplasma spectrochemical abstracts.
=260  \\$aAmherst, Mass. :$bUniversity Research Institute for Analytical Chemistry,$cc2007.
=300  \\$a1 CD-ROM ;$c4 3/4 in. +$e1 contents sheet.
=336  \\$atext$2rdacontent
=337  \\$acomputer$2rdamedia
=338  \\$acomputer disc$2rdacarrier
=516  \\$aPDF format.
=538  \\$aSystem requirements: IBM compatible PC.
=591  \\$aSelected abstracts. Held on CD-ROM.
=595  \\$aFor selected papers in print see 1576.375000 vol 90 no 2 2008.
=595  \\$aShelved in Conference Index.
=653  1\$aTunable diode laser spectroscopy
=653  1\$aDiode laser spectroscopy
=653  1\$aLaser spectroscopy
=653  1\$aPlasma spectrochemical
=852  41$aBritish Library$bDSC$cF$m4362.065402$iv. 33 no. 3
=945  \\$aICP information newsletter -CD ROM edition-, ISSN 0161-6951 ; vol 33 no 3 2007
=CAT  \\$a11245$b40$c20070828$lBLL01$h0944
=CAT  \\$a11245$b40$c20070828$lBLL01$h1501
=CAT  \\$a6019$b40$c20080403$lBLL01$h0924
=CNF  \\$aTunable diode laser spectroscopy (International conference)$n(6th :$d2007 Jul :$cReims, France)
=FIN  \\$aY$d20070828
=FMT  \\$a  BK
=LAS  \\$a6019$b40$c20080403$lBLL01$h0924
=LKR  \\$aANA$b013820366$lBLL01$r773$m6th International conference on tunable diode laser spectroscopy plasma spectrochemical abstracts.$nTrends in sample preparation '07 abstracts.

