=LDR  01409 aa a22003617a 4500
=001  013827747
=003  Uk
=005  20070828151658.0
=006  m\\\\|\\\d\|\\\\\\
=007  co\|g|||||||||
=008  070828s2007\\\\xxu||||\s||||\10|\0\eng\\
=040  \\$aUk$beng$cUk
=245  00$aGoldschmidt 2007$h[electronic resource] :$bplasma spectrochemical abstracts.
=260  \\$aAmherst, Mass. :$bUniversity Research Institute for Analytical Chemistry,$cc2007.
=300  \\$a1 CD-ROM ;$c4 3/4 in. +$e1 contents sheet.
=336  \\$atext$2rdacontent
=337  \\$acomputer$2rdamedia
=338  \\$acomputer disc$2rdacarrier
=516  \\$aPDF format.
=538  \\$aSystem requirements: IBM compatible PC.
=591  \\$aSelected abstracts. Held on CD-ROM.
=595  \\$aShelved in Conference Index.
=653  1\$aGoldschmidt
=653  1\$aPlasma spectrochemical
=852  41$aBritish Library$bDSC$cF$m4362.065402$iv. 33 no. 3
=945  \\$aICP information newsletter -CD ROM edition-, ISSN 0161-6951 ; vol 33 no 3 2007
=CAT  \\$a11245$b40$c20070828$lBLL01$h1049
=CAT  \\$a11245$b40$c20070828$lBLL01$h1516
=CNF  \\$aGoldschmidt (Conference)$d(2007 Aug :$cCologne, Germany)
=FIN  \\$aY$d20070828
=FMT  \\$a  BK
=LAS  \\$a11245$b40$c20070828$lBLL01$h1516
=LKR  \\$aANA$b013820366$lBLL01$r773$mGoldschmidt 2007 plasma spectrochemical abstracts.$nTrends in sample preparation '07 abstracts.

