=LDR  00988 am a2200337   4500
=001  013849152
=003  Uk
=005  20070907160525.0
=008  710702s1970\\\\cau\\\\\\\\\\\00000\eng\\
=010  \\$a74025605
=050  0\$aPS3553.H45$bB5
=082  \\$a811/.5/4
=100  10$aChiarrello, Gail.
=245  14$aThe bhangra dance.
=260  0\$aBerkeley,$bOyez,$c1970.
=300  \\$a34 p.$c23 cm.
=336  \\$atext$2rdacontent
=337  \\$aunmediated$2rdamedia
=338  \\$avolume$2rdacarrier
=500  \\$aPoems.
=500  \\$a"Edition limited to 485 copies." L.C. copy unnumbered.
=852  4\$aBritish Library$bDSC$xD70/100
=985  \\$aCorrected by BSS-generated file
=CAT  \\$aUCB-NEWM$b00$c20070907$lBLL01$h1605
=CAT  \\$aBATCH$b00$c20070907$lBLL01$h2357
=CAT  \\$aBATCH$b00$c20071103$lBLL01$h1712
=CAT  \\$aBLSS-CORR$b00$c20080705$lBLL01$h2204
=FIN  \\$aY$d20071101
=FMT  \\$a  BK
=LAS  \\$aBLSS-CORR$b00$c20080705$lBLL01$h2204
=SRC  \\$aUCB 2007

