=LDR  01150 am a2200385   4500
=001  013850575
=003  Uk
=005  20070907160614.0
=008  710708s1971\\\\nyua\\\\\\\\\\000\0beng\\
=010  \\$a74148436
=020  \\$a0060613513
=040  \\$aDLC$cDLC$dDLC
=043  \\$an-us---
=050  00$aBF1027.C3$bC28
=082  00$a133.8/0924$aB
=100  1\$aCayce, Edgar Evans.
=245  14$aThe outer limits of Edgar Cayce's power$c[by] Edgar Evans Cayce and Hugh Lynn Cayce.
=250  \\$a1st ed.
=260  \\$aNew York,$bHarper & Row$c[1971]
=300  \\$a154 p.$billus.$c22 cm.
=336  \\$atext$2rdacontent
=337  \\$aunmediated$2rdamedia
=338  \\$avolume$2rdacarrier
=350  \\$a{dollar}4.95
=600  10$aCayce, Edgar,$d1877-1945.
=650  \0$aPsychics$zUnited States$vBiography.
=700  1\$aCayce, Hugh Lynn,$ejoint author.
=852  4\$aBritish Library$bDSC$xA71/3249
=CAT  \\$aUCB-NEWM$b00$c20070907$lBLL01$h1606
=CAT  \\$aBATCH$b00$c20070907$lBLL01$h2358
=CAT  \\$aBATCH$b00$c20071103$lBLL01$h1713
=FIN  \\$aY$d20071101
=FMT  \\$a  BK
=LAS  \\$aBATCH$b00$c20071103$lBLL01$h1713
=SRC  \\$aUCB 2007

