=LDR  01417cam a2200409 i 4500
=001  013859057
=003  Uk
=005  20070907161123.0
=008  790418s1979\\\\maua\\\\\\\\\\000\0\eng\\
=FMT  \\$a  BK
=010  \\$a79013404
=020  \\$a0395277825 :$c{dollar}7.95
=040  \\$aDLC$cDLC$dDLC
=050  00$aRM222.2$b.K35
=082  00$a613.7
=100  1\$aKatch, Frank I.
=245  10$aGetting in shape :$ban optimum approach to fitness and weight control /$cFrank I. Katch, William D. McArdle, Brian Richard Boylan ; introd. by James A. Lovell, Jr. ; illustrated by Deborah Shotwell.
=260  \\$aBoston :$bHoughton Mifflin,$c1979.
=300  \\$axii, 193 p. :$bill. ;$c22 cm.
=336  \\$atext$2rdacontent
=337  \\$aunmediated$2rdamedia
=338  \\$avolume$2rdacarrier
=650  \0$aWeight loss.
=650  \0$aPhysical fitness.
=650  \0$aExercise$xPhysiological aspects.
=650  \0$aReducing diets.
=700  1\$aMcArdle, William D.,$ejoint author.
=700  1\$aBoylan, Brian Richard,$ejoint author.
=852  4\$aBritish Library$bDSC$x80/27985
=CAT  \\$aUCB-NEWM$b00$c20070907$lBLL01$h1611
=CAT  \\$aBATCH$b00$c20070908$lBLL01$h0006
=CAT  \\$aBATCH$b00$c20071103$lBLL01$h1722
=CAT  \\$aBATCH-UPD$b00$c20090208$lBLL01$h0919
=CAT  \\$aBATCH-UPD$b00$c20230919$lBLL01$h0343
=FIN  \\$aY$d20071101
=SRC  \\$aUCB 2007
=LAS  \\$aBATCH-UPD$b00$c20230919$lBLL01$h0343

