=LDR  01625 as a2200457u  4500
=001  013940794
=003  Uk
=005  20201127181742.0
=008  950421d17631771||||||\||i\\\\0\\\||eng\\
=019  n\$aNLC0036722
=040  \\$aUk$cUk
=082  04$a072.91835$222
=130  4\$aThe Public Register, or, Freeman's Journal.
=245  14$aThe Freeman's Journal Index.
=336  \\$atext$2rdacontent
=337  \\$aunmediated$2rdamedia
=338  \\$avolume$2rdacarrier
=651  \0$aDublin (Ireland : County)$vNewspapers.
=651  \0$aDublin (Ireland)$vNewspapers.
=752  \\$aIreland$bCo. Dublin$dDublin.$2blnpn
=852  41$aBritish Library$bHMNTS$cSPHOA$kNRR Enquiry Desk
=866  \0$aNewspaper Library :Reels 1-5 (1763-1771)
=883  0\$aLanguage codes assigned by Bayesian analysis of words present in record$d20201028$qUk$c0.9010
=985  \\$aUpgraded by BSS-generated file for WR2011-1472
=CAT  \\$aBATCH-NPL$b00$c20070912$lBLL01$h1158
=CAT  \\$aBATCH$b00$c20070916$lBLL01$h1836
=CAT  \\$aB-BSS-DEL$b00$c20080331$lBLL01$h1551
=CAT  \\$aBATCH$b00$c20110504$lBLL01$h1614
=CAT  \\$aNPL-008-R$c20110504$lBLL01$h1616
=CAT  \\$aWR11_021$c20111124$lBLL01$h1529
=CAT  \\$aWR11_021$c20111124$lBLL01$h1535
=CAT  \\$aNPL-LOCK$b77$c20140207$lBLL01$h2216
=CAT  \\$aNSB-MIG$c20140215$lBLL01$h0218
=CAT  \\$aNSB-MIG$c20140215$lBLL01$h0223
=CAT  \\$aW2011-1472$b00$c20201127$lBLL01$h1817
=FIN  \\$aY
=FMT  \\$a  SE
=LAS  \\$aW2011-1472$b00$c20201127$lBLL01$h1817
=LEO  \\$aMP35.0000136175
=SRC  \\$aNPLv17$bbibmp35.20070831.aa
=TCO  \\$aZZZ$c008

