=LDR  00754 am a22002653  4500
=001  013953943
=003  Uk
=005  20070922115218.0
=008  070402s1980\\\\|||||||\\\\\\\|||\||eng\\
=040  \\$aUk$beng$cUk
=245  03$aAn outline theory of population.
=260  \\$a[S.l.] :$bUSSR Progress,$c1980.
=336  \\$atext$2rdacontent
=337  \\$aunmediated$2rdamedia
=338  \\$avolume$2rdacarrier
=546  \\$aTransl.
=700  1\$aValentey,$eeditor.
=852  4\$aBritish Library$bDSC$x82/02791
=CAT  \\$aUCB-NEWU$b00$c20070922$lBLL01$h1152
=CAT  \\$aBATCH$b00$c20070922$lBLL01$h1306
=CAT  \\$aBATCH$b00$c20071105$lBLL01$h1600
=FIN  \\$aY$d20071101
=FMT  \\$a  BK
=LAS  \\$aBATCH$b00$c20071105$lBLL01$h1600
=SRC  \\$aUCB 2007

