=LDR  01460 as a2200433 a 4500
=001  014014767
=003  Uk
=005  20090302111540.0
=007  ta
=008  070925d2002200uenkuu\p\\\\\\\0\\\a0eng\\
=015  \\$aGBA776629$2bnb
=040  \\$aUk$beng$cUk
=042  \\$aukblsr
=082  04$a629.287094105$222
=110  2\$aM&M Group.
=240  10$aWorks (M&M Group)
=245  14$aThe works :$bnews and views from the M&M Group of Companies /$cM+M Group.
=260  \\$a[Stoke on Trent] :$bM&M Group,$c2002-
=300  \\$av. :$bcol. ill., col. ports. ;$c30 cm.
=336  \\$atext$2rdacontent
=337  \\$aunmediated$2rdamedia
=338  \\$avolume$2rdacarrier
=362  1\$aBegan in 2002.
=500  \\$aNo issues published <2004-2006>. Recommenced with issue 18 (summer/autumn 2007).
=500  \\$aDescription based on: Issue 18 (summer/autumn 2007).
=610  20$aM&M Group$vPeriodicals.
=780  00$tBack on the Road
=852  11$aBritish Library$bSTI$cBIPC$kBIPC Trade Literature Collection$3Issue 18 (2007)
=985  \\$aNew heading 110/610
=CAT  \\$a8124$b40$c20070925$lBLL01$h0925
=CAT  \\$a8124$b40$c20070925$lBLL01$h0930
=CAT  \\$a8124$b40$c20070925$lBLL01$h0931
=CAT  \\$a7792$b40$c20090226$lBLL01$h0928
=CAT  \\$a7792$b40$c20090302$lBLL01$h1115
=CAT  \\$aWR14_140$c20140905$lBLL01$h1816
=FIN  \\$aY$d20070925
=FMT  \\$a  SE
=LAS  \\$aWR14_140$b00$c20140905$lBLL01$h1816
=TCO  \\$aCLA$bCLA$c008

