=LDR  00944 am a22002893  4500
=001  014021910
=003  Uk
=005  20070926151907.0
=008  060422s1965\\\\it\||||\\\\\\\|||\||ita\\
=040  \\$aUk$beng$cUk
=100  1\$aCalderara, (Antonio).
=245  10$aAntonio Calderara, pitture dal 1925 at 1965.
=260  \\$aMilano :$bAll'Insegna Del Pesce D'Oro,$c1965.
=336  \\$atext$2rdacontent
=337  \\$aunmediated$2rdamedia
=338  \\$avolume$2rdacarrier
=490  0\$aArte moderna Italiana ;$v52
=500  \\$aTesto introduttivo di M.Mendes.
=546  \\$aTesto in Portuguese, Italian, French, English and German.
=852  4\$aBritish Library$bDSC$xcopy lost: missing 16.12.69
=CAT  \\$aUCB-NEWU$b00$c20070926$lBLL01$h1519
=CAT  \\$aBATCH$b00$c20070926$lBLL01$h1954
=CAT  \\$aBATCH$b00$c20071120$lBLL01$h0945
=FIN  \\$aY$d20071101
=FMT  \\$a  BK
=LAS  \\$aBATCH$b00$c20071120$lBLL01$h0945
=SRC  \\$aUCB 2007

