=LDR  00987 am a22002893  4500
=001  014022584
=003  Uk
=005  20070926151926.0
=008  060420s1975\\\\enk||||\\\\\\o|||\||eng\\
=020  \\$a0902205145
=040  \\$aUk$beng$cUk
=245  00$aCurrent serials available in the University Library and in other libraries connected with the University :$bCumulative Supplement 1974-75.
=260  \\$aCambridge :$bUniversity Library,$c1975.
=336  \\$atext$2rdacontent
=337  \\$aunmediated$2rdamedia
=338  \\$avolume$2rdacarrier
=710  2\$aCambridge University Library.
=852  4\$aBritish Library$bDSC$x3 copies
=CAT  \\$aUCB-NEWU$b00$c20070926$lBLL01$h1519
=CAT  \\$aBATCH$b00$c20070926$lBLL01$h1955
=CAT  \\$aBATCH$b00$c20071120$lBLL01$h0946
=CAT  \\$a8964$b40$c20090714$lBLL01$h0920
=CAT  \\$aBATCH-UPD$b40$c20140405$lBLL01$h1829
=FIN  \\$aY$d20071101
=FMT  \\$a  BK
=LAS  \\$aBATCH-UPD$b40$c20140405$lBLL01$h1829
=SRC  \\$aUCB 2007

