=LDR  00773 am a22002653  4500
=001  014022805
=003  Uk
=005  20070926151933.0
=008  060423s1981\\\\nyu||||\\\\\\\|||\||eng\\
=040  \\$aUk$beng$cUk
=100  1\$aCamp, Dalton.
=245  13$aAn Eclectic Eel / XIX, 165p., Ottawa.
=260  \\$aOttawa :$bDeneau,$c1981.
=336  \\$atext$2rdacontent
=337  \\$aunmediated$2rdamedia
=338  \\$avolume$2rdacarrier
=490  0\$aPolitics and Government 1968-1980
=852  4\$aBritish Library$bDSC$x82/11591
=CAT  \\$aUCB-NEWU$b00$c20070926$lBLL01$h1519
=CAT  \\$aBATCH$b00$c20070926$lBLL01$h1955
=CAT  \\$aBATCH$b00$c20071120$lBLL01$h0946
=FIN  \\$aY$d20071101
=FMT  \\$a  BK
=LAS  \\$aBATCH$b00$c20071120$lBLL01$h0946
=SRC  \\$aUCB 2007

