=LDR  00941 am a22002533  4500
=001  014023085
=003  Uk
=005  20070926151941.0
=008  060427s1975\\\\|||||||\\\\\\\|||\||eng\\
=040  \\$aUk$beng$cUk
=245  00$aAseptic packaging of vegetable products :$bprogress report for the Agricultural Market Development Executive Committee on the work carried out 1st July 1974-30th June 1975. Project A853.
=260  \\$a[S.l.] :$bCampden Food Preservation Research Assoc.,$c1975.
=336  \\$atext$2rdacontent
=337  \\$aunmediated$2rdamedia
=338  \\$avolume$2rdacarrier
=710  2\$aCampden Food Preservation Research Association.
=852  4\$aBritish Library$bDSC$x76/44630
=CAT  \\$aUCB-NEWU$b00$c20070926$lBLL01$h1519
=CAT  \\$aBATCH$b00$c20070926$lBLL01$h1955
=CAT  \\$aBATCH$b00$c20071120$lBLL01$h0946
=FIN  \\$aY$d20071101
=FMT  \\$a  BK
=LAS  \\$aBATCH$b00$c20071120$lBLL01$h0946
=SRC  \\$aUCB 2007

