=LDR  01067 am a22003253  4500
=001  014023731
=003  Uk
=005  20201127181842.0
=008  060430s1972\\\\|||||||\\\\\\\|||\||eng\\
=010  \\$a70128669
=040  \\$aUk$beng$cUk
=100  1\$aCapitan, William H.
=245  14$aThe philosophy of religion :$ban introduction.
=260  \\$a[S.l.] :$bPegasus,$c1972.
=300  \\$a01vol.
=336  \\$atext$2rdacontent
=337  \\$aunmediated$2rdamedia
=338  \\$avolume$2rdacarrier
=490  0\$aPegasus Traditions in philosophy
=852  4\$aBritish Library$bDSC$x72/7708
=883  0\$aLanguage codes assigned by Bayesian analysis of words present in record$d20201028$qUk$c0.9010
=985  \\$aUpgraded by BSS-generated file for WR2011-1472
=CAT  \\$aUCB-NEWU$b00$c20070926$lBLL01$h1519
=CAT  \\$aBATCH$b00$c20070926$lBLL01$h1955
=CAT  \\$aBATCH$b00$c20071120$lBLL01$h1141
=CAT  \\$aW2011-1472$b00$c20201127$lBLL01$h1818
=FIN  \\$aY$d20071101
=FMT  \\$a  BK
=LAS  \\$aW2011-1472$b00$c20201127$lBLL01$h1818
=SRC  \\$aUCB 2007

