=LDR  00743 am a22002653  4500
=001  014024118
=003  Uk
=005  20070926152009.0
=008  060505s1965\\\\nbu||||\\\\\\\|||\||eng\\
=020  \\$a0822009676
=040  \\$aUk$beng$cUk
=100  1\$aCarey, Gary.
=245  10$aOur Town :$bnotes.
=260  \\$aLincoln :$bNeb, Cliffs Notes,$c[c1965]
=336  \\$atext$2rdacontent
=337  \\$aunmediated$2rdamedia
=338  \\$avolume$2rdacarrier
=852  4\$aBritish Library$bDSC$xMissing
=CAT  \\$aUCB-NEWU$b00$c20070926$lBLL01$h1520
=CAT  \\$aBATCH$b00$c20070926$lBLL01$h1955
=CAT  \\$aBATCH$b00$c20071120$lBLL01$h1141
=FIN  \\$aY$d20071101
=FMT  \\$a  BK
=LAS  \\$aBATCH$b00$c20071120$lBLL01$h1141
=SRC  \\$aUCB 2007

