=LDR  00785 am a22002653  4500
=001  014026776
=003  Uk
=005  20070926152123.0
=008  060426r19761962xxu||||\\\\\\\|||\||eng\\
=040  \\$aUk$beng$cUk
=100  1\$aCayce, Edgar Evans.
=245  10$aAtlantis :$bfact or fiction?.
=260  \\$aVirginia Beach :$bARE Press,$c1962 (1976)
=336  \\$atext$2rdacontent
=337  \\$aunmediated$2rdamedia
=338  \\$avolume$2rdacarrier
=490  0\$aProfessional Study Ser ;$vNo 2
=852  4\$aBritish Library$bDSC$x77/22067
=CAT  \\$aUCB-NEWU$b00$c20070926$lBLL01$h1521
=CAT  \\$aBATCH$b00$c20070926$lBLL01$h1957
=CAT  \\$aBATCH$b00$c20071120$lBLL01$h1512
=FIN  \\$aY$d20071101
=FMT  \\$a  BK
=LAS  \\$aBATCH$b00$c20071120$lBLL01$h1512
=SRC  \\$aUCB 2007

