=LDR  00962 am a22002893  4500
=001  014029693
=003  Uk
=005  20070926152245.0
=008  060520s1972\\\\|||||||\\\\\\\|||\||eng\\
=020  \\$a0901710164
=040  \\$aUk$beng$cUk
=100  1\$aCharley, Julian W.
=245  14$aThe Anglican-Roman Catholic agreement on the Eucharist... /$cwith an historical introduction and theological commenraty by Julian W. Charley.
=250  \\$a2nd ed.
=260  \\$aBrancote, Notts :$bGrove Books,$c1972.
=336  \\$atext$2rdacontent
=337  \\$aunmediated$2rdamedia
=338  \\$avolume$2rdacarrier
=490  0\$aGrove booklet on ministry and worship ;$vno.1
=852  4\$aBritish Library$bDSC$x72/3420 (p)
=CAT  \\$aUCB-NEWU$b00$c20070926$lBLL01$h1522
=CAT  \\$aBATCH$b00$c20070926$lBLL01$h1959
=CAT  \\$aBATCH$b00$c20071120$lBLL01$h1514
=FIN  \\$aY$d20071101
=FMT  \\$a  BK
=LAS  \\$aBATCH$b00$c20071120$lBLL01$h1514
=SRC  \\$aUCB 2007

