=LDR  00968 am a22002893  4500
=001  014029772
=003  Uk
=005  20070926152248.0
=008  060520s1964\\\\fr\||||\\\\\\\|||\||fre\\
=040  \\$aUk$beng$cUk
=100  1\$aCharnay, Jean-Paul.
=245  10$aSociété militaire et suffrage politique en France depuis 1789.
=260  \\$aParis :$bS. E. V. P. E. N.,$c1964.
=336  \\$atext$2rdacontent
=337  \\$aunmediated$2rdamedia
=338  \\$avolume$2rdacarrier
=490  0\$aEcole Pratique des Hautes Etudes, VIe Section. Bihliothèque générale
=852  4\$aBritish Library$bDSC$xL71/990
=CAT  \\$aUCB-NEWU$b00$c20070926$lBLL01$h1522
=CAT  \\$aBATCH$b00$c20070926$lBLL01$h1959
=CAT  \\$aBATCH$b00$c20071120$lBLL01$h1514
=CAT  \\$aBATCH-UPD$b00$c20120802$lBLL01$h0241
=CAT  \\$aBATCH-UPD$b00$c20181018$lBLL01$h2058
=FIN  \\$aY$d20071101
=FMT  \\$a  BK
=LAS  \\$aBATCH-UPD$b00$c20181018$lBLL01$h2058
=SRC  \\$aUCB 2007

