=LDR  00760 am a22002653  4500
=001  014031978
=003  Uk
=005  20070926152357.0
=008  060522s1969\\\\|||||||\\\\\\o|||\||eng\\
=010  \\$a76096721
=040  \\$aUk$beng$cUk
=245  00$aRembrandt after three hundred years.
=260  \\$a[S.l.] :$bAuthor,$c1969.
=336  \\$atext$2rdacontent
=337  \\$aunmediated$2rdamedia
=338  \\$avolume$2rdacarrier
=710  1\$aChicago.$bArt Institute.
=852  4\$aBritish Library$bDSC$xqAL69/6405
=CAT  \\$aUCB-NEWU$b00$c20070926$lBLL01$h1523
=CAT  \\$aBATCH$b00$c20070926$lBLL01$h2000
=CAT  \\$aBATCH$b00$c20071120$lBLL01$h1515
=FIN  \\$aY$d20071101
=FMT  \\$a  BK
=LAS  \\$aBATCH$b00$c20071120$lBLL01$h1515
=SRC  \\$aUCB 2007

