=LDR  00735 am a22002533  4500
=001  014035654
=003  Uk
=005  20070926152553.0
=008  060610s1948\\\\|||||||\\\\\\\|||\||eng\\
=040  \\$aUk$beng$cUk
=100  1\$aClarke, Carl Dame.
=245  10$aMetal Casting of Sculpture.
=260  \\$a[S.l.] :$bThe Standard Arts Press,$c1948.
=336  \\$atext$2rdacontent
=337  \\$aunmediated$2rdamedia
=338  \\$avolume$2rdacarrier
=852  4\$aBritish Library$bDSC$xWq7/9767
=CAT  \\$aUCB-NEWU$b00$c20070926$lBLL01$h1525
=CAT  \\$aBATCH$b00$c20070926$lBLL01$h2003
=CAT  \\$aBATCH$b00$c20071120$lBLL01$h1518
=FIN  \\$aY$d20071101
=FMT  \\$a  BK
=LAS  \\$aBATCH$b00$c20071120$lBLL01$h1518
=SRC  \\$aUCB 2007

