=LDR  00776 am a22002533  4500
=001  014037376
=003  Uk
=005  20070926152652.0
=008  060626s1953\\\\|||||||\\\\\\\|||\||eng\\
=040  \\$aUk$beng$cUk
=100  1\$aClough, F. F.
=245  14$aThe Worlds Encyclopaedia of recorded music seond supplement (1951-1952).
=260  \\$a[S.l.] :$bSidgwick and Jackson Ltd,$c1953.
=336  \\$atext$2rdacontent
=337  \\$aunmediated$2rdamedia
=338  \\$avolume$2rdacarrier
=852  4\$aBritish Library$bDSC$xW52/9455
=CAT  \\$aUCB-NEWU$b00$c20070926$lBLL01$h1526
=CAT  \\$aBATCH$b00$c20070926$lBLL01$h2004
=CAT  \\$aBATCH$b00$c20071120$lBLL01$h1519
=FIN  \\$aY$d20071101
=FMT  \\$a  BK
=LAS  \\$aBATCH$b00$c20071120$lBLL01$h1519
=SRC  \\$aUCB 2007

