=LDR  00925 am a22003133  4500
=001  014039642
=003  Uk
=005  20070926152808.0
=008  060606s1970\\\\|||||||\\\\\\\|||\||eng\\
=010  \\$a77093411
=040  \\$aUk$beng$cUk
=100  1\$aCollet, Jean,$d1932-
=245  10$aJean-Luc Godard.
=260  \\$a[S.l.] :$bCrown,$c1970.
=300  \\$a01.
=336  \\$atext$2rdacontent
=337  \\$aunmediated$2rdamedia
=338  \\$avolume$2rdacarrier
=490  0\$aEditions Seghers' Cinema d'Aujourd Hui in English
=852  4\$aBritish Library$bDSC$xlost
=CAT  \\$aUCB-NEWU$b00$c20070926$lBLL01$h1528
=CAT  \\$aBATCH$b00$c20070926$lBLL01$h2005
=CAT  \\$aBATCH-UPD$b00$c20070927$lBLL01$h0038
=CAT  \\$aBATCH$b00$c20071120$lBLL01$h1521
=CAT  \\$aBATCH-UPD$b00$c20110217$lBLL01$h2131
=FIN  \\$aY$d20071101
=FMT  \\$a  BK
=LAS  \\$aBATCH-UPD$b00$c20110217$lBLL01$h2131
=SRC  \\$aUCB 2007

