=LDR  01454 as a2200457 a 4500
=001  014048402
=003  Uk
=005  20101011135603.0
=007  ta
=008  070927d20072010enkmr\p\\\\\\\0\\\a0eng\\
=040  \\$aUk$beng$cUk$dUk
=042  \\$aukblsr
=082  04$a381.4564130941$222
=110  2\$aSPAR UK.
=245  10$aIn touch /$cSPAR.
=246  3\$aIntouch
=260  \\$aHarrow :$bSpar UK,$c[2007]-2010.
=300  \\$av. :$bcol. ill., col. ports. ;$c30 cm.
=310  \\$aMonthly
=336  \\$atext$2rdacontent
=337  \\$aunmediated$2rdamedia
=338  \\$avolume$2rdacarrier
=362  1\$aBegan in 2007.
=362  0\$a-July 2010.
=500  \\$aDescription based on: 08.07 issue.
=610  20$aSPAR UK$vPeriodicals.
=780  01$tSPAR network
=785  00$aSPAR UK.$tBetter business magazine
=852  11$aBritish Library$bSTI$cBIPC$kBIPC Trade Literature Collection$3Aug. 2007-July 2010
=CAT  \\$a8483$b40$c20070927$lBLL01$h1336
=CAT  \\$a8483$b40$c20070927$lBLL01$h1341
=CAT  \\$a8483$b40$c20070927$lBLL01$h1342
=CAT  \\$a8483$b40$c20070927$lBLL01$h1344
=CAT  \\$a8483$b40$c20070927$lBLL01$h1353
=CAT  \\$a8483$b40$c20070927$lBLL01$h1354
=CAT  \\$a8323$b40$c20101011$lBLL01$h1356
=FIN  \\$aY$d20070927
=FMT  \\$a  SE
=LAS  \\$a8323$b40$c20101011$lBLL01$h1356
=LKR  \\$aPAR$b009882330$lBLL01$r78001$mIn touch /$nSPAR netWork : news and views from SPAR.
=TCO  \\$aCLA$bCLA$c008

