=LDR  01210 as a2200385 a 4500
=001  014048410
=003  Uk
=005  20111109140059.0
=007  ta
=008  070927d2007200uenkuu\p\\\\\\\0\\\a0eng\\
=040  \\$aUk$beng$cUk
=042  \\$aukblsr
=082  04$a381.4564130941$222
=110  2\$aSPAR UK.
=245  10$aIn touch.$pMarketing /$cSPAR.
=246  3\$aIntouch. Marketing
=260  \\$aHarrow :$bSpar UK
=300  \\$av. :$bcol. ill., col. ports ;$c30 cm.
=336  \\$atext$2rdacontent
=337  \\$aunmediated$2rdamedia
=338  \\$avolume$2rdacarrier
=362  1\$aBegan in 2007.
=500  \\$aDescription based on: 08.07 issue.
=610  20$aSPAR UK$vPeriodicals.
=780  01$aSPAR network
=852  11$aBritish Library$bSTI$cBIPC$kBIPC Trade Literature Collection$3August 2007-2009
=CAT  \\$a8483$b40$c20070927$lBLL01$h1346
=CAT  \\$a8483$b40$c20070927$lBLL01$h1354
=CAT  \\$a7792$b40$c20111109$lBLL01$h1400
=CAT  \\$aWR14_140$c20140905$lBLL01$h1816
=FIN  \\$aY$d20070927
=FMT  \\$a  SE
=LAS  \\$aWR14_140$b00$c20140905$lBLL01$h1816
=LKR  \\$aPAR$b009882330$lBLL01$r78001$mIn touch.$nSPAR netWork : news and views from SPAR.
=TCO  \\$aCLA$bCLA$c008

