=LDR  01338 am a2200397 a 4500
=001  014055645
=003  Uk
=005  20120112114431.0
=008  071008m19979999enka\\\\\\\\\\000\0\eng\\
=016  7\$a014055645$2Uk
=020  \\$a1902851021 (pbk.)
=040  \\$aUk$beng$cUk
=042  \\$aukblsr
=245  00$aAir forces of former Yugoslavia 1991-1997.
=260  \\$aLondon :$bBlue Rider Pub.,$cc1997.
=300  \\$a48 p. :$bill. (some col.) ;$c21 cm. +$c1 sheet of decals.
=336  \\$atext$2rdacontent
=337  \\$aunmediated$2rdamedia
=338  \\$avolume$2rdacarrier
=490  0\$aInsignia air force specials ;$vno. 2
=505  1\$aPt. 1. Bosnia-Herzegovina, Croatia & Herceg-Bosna.
=610  10$aBosnia and Herzegovina.$bAir Force.
=610  10$aCroatia.$bAir Force.
=852  41$aBritish Library$bHMNTS$iPt. 1
=985  \\$aNew 610.2 heading x 2
=CAT  \\$a10876$b40$c20071008$lBLL01$h1239
=CAT  \\$a12271$b40$c20080130$lBLL01$h1129
=CAT  \\$aBATCH$b00$c20091217$lBLL01$h0508
=CAT  \\$aBATCH$b00$c20100103$lBLL01$h1301
=CAT  \\$a11070$b40$c20120112$lBLL01$h1143
=CAT  \\$a11070$b40$c20120112$lBLL01$h1144
=CAT  \\$aBATCH-UPD$b40$c20150210$lBLL01$h1730
=CAT  \\$aWR16_021$c20160618$lBLL01$h1813
=FIN  \\$aY$d20120112
=FMT  \\$a  BK
=LAS  \\$aWR16_021$b00$c20160618$lBLL01$h1813

