=LDR  01396 am a22003857a 4500
=001  014097444
=003  Uk
=005  20071015102709.0
=008  071015s2007\\\\ii\ab\\\\b\\\\001\0\eng\\
=020  \\$z8080694011 (pt. 1)
=020  \\$z808069402X (pt. 2)
=020  \\$a8180694003 (set)
=020  \\$a8180690369 (series)
=040  \\$aUk$beng$cUk
=245  00$aPopulation, resources and development /$cedited by Baleshwar Thakur.
=260  \\$aNew Delhi :$bConcept,$c2003.
=300  \\$axvi, 507 p. :$bill., maps ;$c23 cm.
=336  \\$atext$2rdacontent
=337  \\$aunmediated$2rdamedia
=338  \\$avolume$2rdacarrier
=490  1\$aPerspectives in resource management in development countries ;$vv. 2
=490  1\$aConcept's international series in geography ;$vno. 5
=504  \\$aIncludes bibliographical references and index.
=700  1\$aThakur, Baleshwar.
=830  \0$aPerspectives in resource management in development countries ;$vv. 2
=830  \0$aConcept's international series in geography ;$vno. 5.
=852  41$aBritish Library$bDSC$ipt. 2
=852  41$aBritish Library$bDSC$ipt. 1
=CAT  \\$a11070$b40$c20071015$lBLL01$h1027
=CAT  \\$aBATCH$b00$c20091217$lBLL01$h0509
=CAT  \\$aBATCH$b00$c20100103$lBLL01$h1301
=CAT  \\$aBATCH-UPD$b00$c20101009$lBLL01$h0651
=FIN  \\$aY$d20071015
=FMT  \\$a  BK
=LAS  \\$aBATCH-UPD$b00$c20101009$lBLL01$h0651

