=LDR  00925cam a2200289   4500
=001  014108568
=003  Uk
=005  20071018161604.0
=008  060814r19611952|||||||\\\\\\\|||\||eng\\
=FMT  \\$a  BK
=040  \\$aUk$beng$cUk
=245  00$aEnglish-Swedish Dictionary /$cschool edition by Karl Karre et al.
=250  \\$a3rd rev ed.
=260  \\$a[S.l.] :$bNorstedts, Svenska Bokforlaget,$c1952 (1961)
=336  \\$atext$2rdacontent
=337  \\$aunmediated$2rdamedia
=338  \\$avolume$2rdacarrier
=700  1\$aKärre, Karl,$d1885-1960.
=852  4\$aBritish Library$bDSC$xW84-3469
=CAT  \\$aUCB-NEWU$b00$c20071018$lBLL01$h1616
=CAT  \\$aBATCH$b00$c20071018$lBLL01$h2113
=CAT  \\$aBATCH$b00$c20071108$lBLL01$h0202
=CAT  \\$a5100$b40$c20190604$lBLL01$h1018
=CAT  \\$aW2308-1659$c20230923$lBLL01$h1111
=FIN  \\$aY$d20071101
=SRC  \\$aUCB 2007
=LAS  \\$aW2308-1659$b00$c20230923$lBLL01$h1111

