=LDR  00980cam a2200313   4500
=001  014111853
=003  Uk
=005  20071018161819.0
=008  060812s1976\\\\|||||||\\\\\\\|||\||eng\\
=FMT  \\$a  BK
=020  \\$a0904291103
=040  \\$aUk$beng$cUk
=100  1\$aFarson, Daniel,$d1927-
=245  10$aDan Farson Black and White Picture Show.
=260  \\$a[S.l.] :$bLemon Tree Press,$c1976.
=336  \\$atext$2rdacontent
=337  \\$aunmediated$2rdamedia
=338  \\$avolume$2rdacarrier
=852  4\$aBritish Library$bDSC$x77/4624
=CAT  \\$aUCB-NEWU$b00$c20071018$lBLL01$h1618
=CAT  \\$aBATCH$b00$c20071018$lBLL01$h2116
=CAT  \\$aBATCH$b00$c20071108$lBLL01$h0205
=CAT  \\$a5194$b40$c20161222$lBLL01$h1446
=CAT  \\$aBATCH-UPD$b40$c20161222$lBLL01$h1446
=CAT  \\$aBATCH-UPD$b40$c20200808$lBLL01$h1735
=CAT  \\$aW2308-1659$c20230923$lBLL01$h1111
=FIN  \\$aY$d20071101
=SRC  \\$aUCB 2007
=LAS  \\$aW2308-1659$b00$c20230923$lBLL01$h1111

