=LDR  00916 am a22003013  4500
=001  014147022
=003  Uk
=005  20071019155449.0
=008  060913s1959\\\\|||||||\\\\\\\|||\||eng\\
=040  \\$aUk$beng$cUk
=100  1\$aGrierson, Herbert John Clifford,$cSir,$d1866-1960.
=245  10$aSwinburne.
=250  \\$arev ed.
=260  \\$a[S.l.] :$bLongmans Green,$c1959.
=336  \\$atext$2rdacontent
=337  \\$aunmediated$2rdamedia
=338  \\$avolume$2rdacarrier
=490  0\$aWriters and their work ;$vno 44
=852  4\$aBritish Library$bDSC$iv44$x9364.680500
=CAT  \\$aUCB-NEWU$b00$c20071019$lBLL01$h1554
=CAT  \\$aBATCH$b00$c20071019$lBLL01$h2043
=CAT  \\$aBATCH$b00$c20071115$lBLL01$h0807
=CAT  \\$a7416$b40$c20080922$lBLL01$h1651
=CAT  \\$a7416$b40$c20080922$lBLL01$h1653
=FIN  \\$aY$d20071101
=FMT  \\$a  BK
=LAS  \\$a7416$b40$c20080922$lBLL01$h1653
=SRC  \\$aUCB 2007

