=LDR  02337cam a22005773  4500
=001  014154082
=003  Uk
=005  20221231215501.0
=008  060919s1961\\\\hu\||||\\\\\\\|||\||hun\\
=FMT  \\$a  BK
=040  \\$aUk$beng$cUk
=100  10$aGunst, Péter.
=245  10$aAcsády ignác történetírása.
=260  \\$aBudapest :$bAkadémiai Kiadó,$c1961.
=336  \\$atext$2rdacontent
=337  \\$aunmediated$2rdamedia
=338  \\$avolume$2rdacarrier
=490  0\$aTudománytörténti Tanulmányok ;$v2
=540  \\$aCurrent Copyright Fee: GBP25.00$c0$5Uk
=852  4\$aBritish Library$bDSC$i9068.581000
=CAT  \\$aUCB-NEWU$b00$c20071019$lBLL01$h1558
=CAT  \\$aBATCH$b00$c20071019$lBLL01$h2048
=CAT  \\$aBATCH$b00$c20071115$lBLL01$h0813
=CAT  \\$aBATCH-CLA$b00$c20120928$lBLL01$h1836
=CAT  \\$aBATCH-CLA$b00$c20120930$lBLL01$h1046
=CAT  \\$aBATCH-CLA$b00$c20130508$lBLL01$h0733
=CAT  \\$aBATCH-CLA$c20131220$lBLL01$h2050
=CAT  \\$aIPL-CLA$c20140101$lBLL01$h0035
=CAT  \\$aBATCH-CLA$b00$c20161222$lBLL01$h1818
=CAT  \\$aBATCH-UPD$b00$c20161224$lBLL01$h1118
=CAT  \\$aIPL-CLA$c20161230$lBLL01$h2240
=CAT  \\$aBATCH-CLA$b00$c20171222$lBLL01$h2143
=CAT  \\$aIPL-CLA$c20171231$lBLL01$h1720
=CAT  \\$aBATCH-CLA$b00$c20191219$lBLL01$h1742
=CAT  \\$aIPL-CLA$c20191231$lBLL01$h1954
=CAT  \\$aR2001-1524$c20200127$lBLL01$h2029
=CAT  \\$aBATCH-CLA$b00$c20201204$lBLL01$h1548
=CAT  \\$aIPL-CLA$c20201231$lBLL01$h2237
=CAT  \\$aBATCH-CLA$b00$c20221221$lBLL01$h1859
=CAT  \\$aIPL-CLA$c20221231$lBLL01$h2155
=CFI  0\$aCurrent Copyright Fee: GBP25.00$c0$e01-jan-2023$fGBP25.00$g0$hA$5Uk
=CFI  2\$aPrevious Copyright Fee: GBP22.50$c0$e01-jan-2021$fGBP22.50$g0$hA$5Uk
=FIN  \\$aY$d20071101
=SRC  \\$aUCB 2007
=TCO  \\$aZZZ$c008
=ACF  \\$aPrevious copyright fee: GBP12.00$c0$e01-jan-2012$fGBP12.00$g0$hA$5Uk
=ACF  \\$aPrevious Copyright Fee: GBP12.30$c0$e01-jan-2014$fGBP12.30$g0$hA$5Uk
=ACF  \\$aPrevious Copyright Fee: GBP15.00$c0$e01-jan-2017$fGBP15.00$g0$hA$5Uk
=ACF  \\$aPrevious Copyright Fee: GBP17.50$c0$e01-jan-2018$fGBP17.50$g0$hA$5Uk
=ACF  \\$aPrevious Copyright Fee: GBP20.00$c0$e01-jan-2020$fGBP20.00$g0$hA$5Uk
=LAS  \\$aIPL-CLA$b00$c20221231$lBLL01$h2155

