=LDR  00768 am a22002653  4500
=001  014182147
=003  Uk
=005  20071022164715.0
=008  061013s1972\\\\|||||||\\\\\\\|||\||eng\\
=020  \\$a0810309033
=040  \\$aUk$beng$cUk
=245  00$aKurt Vonnegut, Jr :$bA checklist.
=260  \\$a[S.l.] :$bDetroit Gale,$c1972.
=336  \\$atext$2rdacontent
=337  \\$aunmediated$2rdamedia
=338  \\$avolume$2rdacarrier
=700  1\$aHudgens, Betty L.,$ecompiler.
=852  4\$aBritish Library$bDSC$xW55-2943
=CAT  \\$aUCB-NEWU$b00$c20071022$lBLL01$h1647
=CAT  \\$aBATCH$b00$c20071022$lBLL01$h2129
=CAT  \\$aBATCH$b00$c20071119$lBLL01$h2309
=FIN  \\$aY$d20071101
=FMT  \\$a  BK
=LAS  \\$aBATCH$b00$c20071119$lBLL01$h2309
=SRC  \\$aUCB 2007

