=LDR  00776 am a22002533  4500
=001  014182203
=003  Uk
=005  20071022164717.0
=008  061013s1976\\\\|||||||\\\\\\\|||\||eng\\
=040  \\$aUk$beng$cUk
=245  00$aFuture of Nuclear Energy vol. 2 :$bA survey of seven nations.
=260  \\$a[S.l.] :$bHudson Institute Europe,$c1976.
=336  \\$atext$2rdacontent
=337  \\$aunmediated$2rdamedia
=338  \\$avolume$2rdacarrier
=710  2\$aHudson Institute Europe.
=852  4\$aBritish Library$bDSC$xf76/27327
=CAT  \\$aUCB-NEWU$b00$c20071022$lBLL01$h1647
=CAT  \\$aBATCH$b00$c20071022$lBLL01$h2129
=CAT  \\$aBATCH$b00$c20071119$lBLL01$h2309
=FIN  \\$aY$d20071101
=FMT  \\$a  BK
=LAS  \\$aBATCH$b00$c20071119$lBLL01$h2309
=SRC  \\$aUCB 2007

