=LDR  00958 am a22002773  4500
=001  014227467
=003  Uk
=005  20201127182053.0
=008  061111s1962\\\\po\||||\\\\\\\|||\||eng\\
=040  \\$aUk$beng$cUk
=245  00$aTechnical Papers Published.
=260  \\$aLisbon :$bLaboratorio Nacional de Engenharia Civil,$c1962.
=336  \\$atext$2rdacontent
=337  \\$aunmediated$2rdamedia
=338  \\$avolume$2rdacarrier
=710  2\$aLaboratorio Nacional De Engenharia Civil.
=852  4\$aBritish Library$bDSC$xW45/0299
=883  0\$aLanguage codes assigned by Bayesian analysis of words present in record$d20201028$qUk$c0.9010
=985  \\$aUpgraded by BSS-generated file for WR2011-1472
=CAT  \\$aUCB-NEWU$b00$c20071025$lBLL01$h1949
=CAT  \\$aBATCH$b00$c20071026$lBLL01$h0111
=CAT  \\$aW2011-1472$b00$c20201127$lBLL01$h1820
=FIN  \\$aY$d20071101
=FMT  \\$a  BK
=LAS  \\$aW2011-1472$b00$c20201127$lBLL01$h1820
=SRC  \\$aUCB 2007

