=LDR  01705 am a2200469 a 4500
=001  014232654
=003  Uk
=005  20081023093803.0
=008  071120s2007\\\\enka\\\\\b\\\\001\0\eng\d
=015  \\$aGBA8C2647$2bnb
=016  7\$a014232654$2Uk
=020  \\$a9781855247086 (pbk.) :$cNo price
=020  \\$a1855247089 (pbk.) :$cNo price
=035  \\$a(OCoLC)234774179
=040  \\$aEQO$beng$cEQO$dUk
=042  \\$aukblsr
=082  04$a658.200941$222
=245  00$aFacilities management.
=260  \\$aKingston-upon-Thames :$bWolters Kluwer (UK),$c2007.
=300  \\$aiv, 803 p. :$bill. ;$c24 cm.
=336  \\$atext$2rdacontent
=337  \\$aunmediated$2rdamedia
=338  \\$avolume$2rdacarrier
=500  \\$a"2007/08"--on cover.
=504  \\$aIncludes bibliographical references and index.
=650  \0$aFacility management$xLaw and legislation$zGreat Britain.
=650  \0$aFacility management$zGreat Britain$vHandbooks, manuals, etc.
=650  \0$aIndustrial safety$xLaw and legislation$zGreat Britain.
=650  \0$aIndustrial safety$zGreat Britain$vHandbooks, manuals, etc.
=690  7\$aManagement and Business Studies$2blcoll
=852  11$aBritish Library$bSTI$cBIPC$kBIPC Small Business Help Section
=CAT  \\$aBATCH-ALDL$b00$c20071026$lBLL01$h0933
=CAT  \\$a11257$b40$c20080930$lBLL01$h0808
=CAT  \\$a11257$b40$c20080930$lBLL01$h0824
=CAT  \\$a10904$b40$c20081013$lBLL01$h1127
=CAT  \\$a10904$b40$c20081013$lBLL01$h1129
=CAT  \\$a7034$b40$c20081023$lBLL01$h0938
=CAT  \\$aWR16_021$c20160618$lBLL01$h1816
=CAT  \\$aBATCH-MBS$c20160624$lBLL01$h2103
=FIN  \\$aY$d20081023
=FMT  \\$a  BK
=LAS  \\$aBATCH-MBS$b00$c20160624$lBLL01$h2103

