=LDR  00830 am a22002773  4500
=001  014261664
=003  Uk
=005  20071102150035.0
=008  061130s1972\\\\|||||||\\\\\\\|||\||eng\\
=040  \\$aUk$beng$cUk
=245  00$aWay ahead in plan breeding :$bProceedings of the sixth conference.
=260  \\$a[S.l.] :$bEucarpia,$c1972.
=336  \\$atext$2rdacontent
=337  \\$aunmediated$2rdamedia
=338  \\$avolume$2rdacarrier
=500  \\$aConf.
=700  1\$aLupton, F. G. H.,$eeditor.
=700  1\$aJenkins, G.,$eeditor.
=700  1\$aJohnson, R.,$eeditor.
=852  4\$aBritish Library$bDSC$xHeavy use dup 2 copies
=CAT  \\$aUCB-NEWU$b00$c20071102$lBLL01$h1500
=CAT  \\$aBATCH$b00$c20071102$lBLL01$h2005
=FIN  \\$aY$d20071101
=FMT  \\$a  BK
=LAS  \\$aBATCH$b00$c20071102$lBLL01$h2005
=SRC  \\$aUCB 2007

