=LDR  00722 am a22002533  4500
=001  014262018
=003  Uk
=005  20071102150047.0
=008  061129r19201910|||||||\\\\\\\|||\||eng\\
=040  \\$aUk$beng$cUk
=100  1\$aLutzow, Count.
=245  10$aBohemia :$bAn historical sketch.
=260  \\$a[S.l.] :$bJ M Dent,$c1910 (1920)
=336  \\$atext$2rdacontent
=337  \\$aunmediated$2rdamedia
=338  \\$avolume$2rdacarrier
=490  0\$aEverymans Library ;$vno 432
=852  4\$aBritish Library$bDSC$xW83-0199
=CAT  \\$aUCB-NEWU$b00$c20071102$lBLL01$h1500
=CAT  \\$aBATCH$b00$c20071102$lBLL01$h2006
=FIN  \\$aY$d20071101
=FMT  \\$a  BK
=LAS  \\$aBATCH$b00$c20071102$lBLL01$h2006
=SRC  \\$aUCB 2007

