=LDR  00737 am a22002653  4500
=001  014266632
=003  Uk
=005  20071102150318.0
=008  070004s1973\\\\|||||||\\\\\\\|||\||eng\\
=020  \\$a088894036X
=040  \\$aUk$beng$cUk
=100  1\$aMcTaggart, David.
=245  10$aOutrage! :$bThe ordeal of Greenpeace Ill.
=260  \\$a[S.l.] :$bJJ Douglas,$c1973.
=300  \\$a01 vol.
=336  \\$atext$2rdacontent
=337  \\$aunmediated$2rdamedia
=338  \\$avolume$2rdacarrier
=852  4\$aBritish Library$bDSC$x74/30868
=CAT  \\$aUCB-NEWU$b00$c20071102$lBLL01$h1503
=CAT  \\$aBATCH$b00$c20071102$lBLL01$h2009
=FIN  \\$aY$d20071101
=FMT  \\$a  BK
=LAS  \\$aBATCH$b00$c20071102$lBLL01$h2009
=SRC  \\$aUCB 2007

