=LDR  00760 am a22002653  4500
=001  014287789
=003  Uk
=005  20071107154914.0
=008  070018s1976\\\\fr\||||\\\\\\\|||\||fre\\
=020  \\$z0224030254
=040  \\$aUk$beng$cUk
=100  1\$aMichalet, Charles Albert.
=245  13$aLe Capitalisme Mondial.
=260  \\$aParis :$bPresses Universitaires de France,$c1976.
=336  \\$atext$2rdacontent
=337  \\$aunmediated$2rdamedia
=338  \\$avolume$2rdacarrier
=500  \\$aEconomic en liberte.
=852  4\$aBritish Library$bDSC$xF7-3257
=CAT  \\$aUCB-NEWU$b00$c20071107$lBLL01$h1549
=CAT  \\$aBATCH$b00$c20071107$lBLL01$h2115
=FIN  \\$aY$d20071101
=FMT  \\$a  BK
=LAS  \\$aBATCH$b00$c20071107$lBLL01$h2115
=SRC  \\$aUCB 2007

