=LDR  00910 am a22002773  4500
=001  014300849
=003  Uk
=005  20201127182139.0
=008  070030s1974\\\\|||||||\\\\\\\|||\||alb\\
=040  \\$aUk$beng$cUk
=100  1\$aMusarai, Shevqet.
=245  10$aPoezia Shoipe.
=260  \\$a[S.l.] :$bShtepia Botuese, Naim Frasheri,$c1974.
=336  \\$atext$2rdacontent
=337  \\$aunmediated$2rdamedia
=338  \\$avolume$2rdacarrier
=852  4\$aBritish Library$bDSC$xF1-9989
=883  0\$aLanguage codes assigned by Bayesian analysis of words present in record$d20201028$qUk$c0.9010
=985  \\$aUpgraded by BSS-generated file for WR2011-1472
=CAT  \\$aUCB-NEWU$b00$c20071107$lBLL01$h1557
=CAT  \\$aBATCH$b00$c20071107$lBLL01$h2130
=CAT  \\$aW2011-1472$b00$c20201127$lBLL01$h1821
=FIN  \\$aY$d20071101
=FMT  \\$a  BK
=LAS  \\$aW2011-1472$b00$c20201127$lBLL01$h1821
=SRC  \\$aUCB 2007

