=LDR  00670 am a22002413  4500
=001  014311930
=003  Uk
=005  20071108152200.0
=008  070102s1972\\\\enk||||\\\\\\\|||\||eng\\
=040  \\$aUk$beng$cUk
=100  1\$aNorris, Alfred.
=245  10$aPeter :$bfisher of men.
=260  \\$aB'ham :$bChristadelphian,$c1972.
=336  \\$atext$2rdacontent
=337  \\$aunmediated$2rdamedia
=338  \\$avolume$2rdacarrier
=852  4\$aBritish Library$bDSC$x72/21634
=CAT  \\$aUCB-NEWU$b00$c20071108$lBLL01$h1522
=CAT  \\$aBATCH$b00$c20071108$lBLL01$h2038
=FIN  \\$aY$d20071101
=FMT  \\$a  BK
=LAS  \\$aBATCH$b00$c20071108$lBLL01$h2038
=SRC  \\$aUCB 2007

