=LDR  01302 am a2200337 a 4500
=001  014343170
=003  Uk
=005  20071220152739.0
=008  020611s1910\\\\ii\\\\\\\\\\\\000\p\tamod
=035  \\$a(OCoLC)49975302
=040  \\$aCGU$cCGU$dUk
=100  1\$aKiruṣṇayyar, Pērūr.
=245  10$aJakatkuru Śrī Caṅkarāccāriya Cuvāmikaḷ pēril iyar̲r̲iya tōttirattiraṭṭu, Kālaṭi /$cPērūr Kiruṣṇayyar avarkaḷāl iyar̲r̲appaṭṭu ... patippikkappaṭṭatu.
=260  \\$aKōyamputtūr :$bKālaṭi Pērūr Kiruṣṇayyar,$c1910$f(Kiruṣṇa Vilāca Acciyantiracālai)
=300  \\$a6 p. ;$c21 cm.
=336  \\$atext$2rdacontent
=337  \\$aunmediated$2rdamedia
=338  \\$avolume$2rdacarrier
=500  \\$aVerses in praise of Śaṅkarācārya.
=600  00$aŚaṅkarācārya$vPoetry.
=650  \0$aDevotional poetry, Tamil.
=852  41$aBritish Library$bOC$ppTam.D.5547
=CAT  \\$a8803$b40$c20071114$lBLL01$h1352
=CAT  \\$a4039$b40$c20071220$lBLL01$h1527
=CAT  \\$aBATCH-UPD$b40$c20071223$lBLL01$h1822
=CAT  \\$aBATCH-UPD$b40$c20080830$lBLL01$h2049
=CAT  \\$aBATCH-UPD$b40$c20121223$lBLL01$h2111
=FIN  \\$aY$d20071114
=FMT  \\$a  BK
=LAS  \\$aBATCH-UPD$b40$c20121223$lBLL01$h2111
=SID  \\$aZ39$bOCLC

