=LDR  01837 am a2200469 a 4500
=001  014343645
=003  Uk
=005  20071121105434.0
=008  071115s2004\\\\pl\ab\\\\b\\\\100\0\eng\\
=015  \\$aGBA795989$2bnb
=016  7\$a014343645$2Uk
=020  \\$a8391238547 :$cNo price
=040  \\$aUk$beng$cUk
=042  \\$aukblsr
=082  04$a561.994$222
=111  2\$aInternational Workshop on Agglutinated Foraminifera$n(6th :$d2001 :$cPrague, Czech Republic)
=245  10$aProceedings of the Sixth International Workshop on Agglutinated Foraminifera :$b(Prague, Czech Republic, September 1-7, 2001) /$cedited by Miroslav Bubík, Michael A. Kaminski.
=260  \\$aKraków, Poland :$bGrzybowski Foundation,$c2004.
=300  \\$ax, 486 p. :$bill. (some col.), maps ;$c30 cm.
=336  \\$atext$2rdacontent
=337  \\$aunmediated$2rdamedia
=338  \\$avolume$2rdacarrier
=490  1\$aGrzybowski Foundation special publication ;$vno. 8
=504  \\$aIncludes bibliographical references.
=650  \0$aForaminifera, Fossil$vCongresses.
=700  1\$aBubík, Miroslav.
=700  1\$aKaminski, Michael A.$q(Michael Anthony),$d1957-
=710  2\$aGrzybowski Foundation.
=830  \0$aGrzybowski Foundation special publication ;$vno. 8.
=852  11$aBritish Library$bSTI$k(B)561.994
=CAT  \\$a12664$b40$c20071115$lBLL01$h1053
=CAT  \\$a12664$b40$c20071115$lBLL01$h1054
=CAT  \\$a6933$b40$c20071121$lBLL01$h1054
=CAT  \\$aBATCH-UPD$b40$c20071121$lBLL01$h1309
=CAT  \\$aBATCH-UPD$b40$c20071124$lBLL01$h2323
=CAT  \\$aBATCH$b00$c20091217$lBLL01$h0511
=CAT  \\$aBATCH$b00$c20100103$lBLL01$h1304
=CAT  \\$aBATCH-UPD$b00$c20160203$lBLL01$h2022
=CAT  \\$aWR16_021$c20160618$lBLL01$h1819
=FIN  \\$aY$d20071121
=FMT  \\$a  BK
=LAS  \\$aWR16_021$b00$c20160618$lBLL01$h1819

