=LDR  00744 am a22002653  4500
=001  014351710
=003  Uk
=005  20071115155553.0
=008  070202m19571960|||||||\\\\\\\|||\||eng\\
=040  \\$aUk$beng$cUk
=245  00$aAtomic radiation.
=260  \\$a[S.l.] :$bRCA Serivce company,$c1957-1960.
=300  \\$a2 vols.
=336  \\$atext$2rdacontent
=337  \\$aunmediated$2rdamedia
=338  \\$avolume$2rdacarrier
=710  2\$aRCA Service Company.
=852  4\$aBritish Library$bDSC$ivol 1
=852  4\$aBritish Library$bDSC$ivol 2
=CAT  \\$aUCB-NEWU$b00$c20071115$lBLL01$h1555
=CAT  \\$aBATCH$b00$c20071115$lBLL01$h2043
=FIN  \\$aY$d20071101
=FMT  \\$a  BK
=LAS  \\$aBATCH$b00$c20071115$lBLL01$h2043
=SRC  \\$aUCB 2007

