=LDR  00793 am a22002653  4500
=001  014397951
=003  Uk
=005  20071116160850.0
=008  070303s1965\\\\my\||||\\\\\\\|||\||eng\\
=040  \\$aUk$beng$cUk
=100  1\$aInder, Singh.
=245  10$aHistory of Malay States guides (1873-1919).
=260  \\$aPenang :$bCathay printers limited,$c[1965]
=300  \\$a122 p. :$bmap, plates ;$c211/2 cm.
=336  \\$atext$2rdacontent
=337  \\$aunmediated$2rdamedia
=338  \\$avolume$2rdacarrier
=490  0\$aMalaysian historical series
=852  4\$aBritish Library$bDSC$xW36/1275
=CAT  \\$aUCB-NEWU$b00$c20071116$lBLL01$h1608
=CAT  \\$aBATCH$b00$c20071116$lBLL01$h2029
=FIN  \\$aY$d20071101
=FMT  \\$a  BK
=LAS  \\$aBATCH$b00$c20071116$lBLL01$h2029
=SRC  \\$aUCB 2007

