=LDR  01553 as a2200445 a 4500
=001  014406449
=003  Uk
=005  20110622094711.0
=007  ta
=008  071120d20072008enkar\\\\\\\\\0\\\a0eng\\
=FMT  \\$a  SE
=015  \\$aGBA794486$2bnb
=040  \\$aUk$beng$cUk
=042  \\$aukblsr
=082  04$a624.1840941$222
=110  2\$aTimber Research and Development Association.
=245  10$aTRADA review.
=246  3\$aTimber Research and Development Association review
=260  \\$aHigh Wycombe :$bTRADA,$c2007-2008.
=300  \\$a2 v. :$bcol. ill., col. ports. ;$c30 cm.
=310  \\$aAnnual
=336  \\$atext$2rdacontent
=337  \\$aunmediated$2rdamedia
=338  \\$avolume$2rdacarrier
=362  0\$a2006/07-2007/2008.
=610  20$aTimber Research and Development Association$vPeriodicals.
=650  \0$aTimber$zGreat Britain$vPeriodicals.
=780  01$tAnnual review and financial statements- TRADA
=785  04$tTimber industry yearbook
=852  11$aBritish Library$bSTI$cBIPC$kBIPC Trade Literature Collection$32006/2007-2007/2008
=CAT  \\$a5997$b40$c20071120$lBLL01$h1044
=CAT  \\$a5997$b40$c20071120$lBLL01$h1045
=CAT  \\$a5997$b40$c20071120$lBLL01$h1101
=CAT  \\$a5997$b40$c20071120$lBLL01$h1135
=CAT  \\$a5997$b40$c20071120$lBLL01$h1145
=CAT  \\$a11315$b40$c20110622$lBLL01$h0947
=FIN  \\$aY$d20071120
=LKR  \\$aPAR$b010459712$lBLL01$r78001$mTRADA review$nAnnual review and financial statements- TRADA
=TCO  \\$aCLA$bCLA$c008
=LAS  \\$a11315$b40$c20110622$lBLL01$h0947

