=LDR  01187 am a2200313 a 4500
=001  014496079
=003  Uk
=005  20080218181154.0
=008  080117s1993\\\\xx\\\\\\\c\\\\000\0\eng\\
=FMT  \\$a  BK
=040  \\$aUk$beng$cUk
=082  04$a011.2943$220
=082  04$a011.340941$220
=245  00$a[Periodicals in Turkish and Turkic languages :$ba union list of holdings in U.K. libraries /$cedited by Muhammad Isa Waley].
=260  \\$c[1993]
=300  \\$a[102] p. ;$c31 cm.
=336  \\$atext$2rdacontent
=337  \\$aunmediated$2rdamedia
=338  \\$avolume$2rdacarrier
=500  \\$aPrint-out (Apr. 1993) of catalogue entries made from the computer file developed to produce the work ultimately published Oxford : Middle East Libraries Committee (U.K.), 1993.
=650  \0$aTurkish periodicals$zGreat Britain$vUnion lists.
=650  \0$aTurkic periodicals$zGreat Britain$vUnion lists.
=700  1\$aWaley, M. I.
=852  11$aBritish Library$bOC$cSPHOA$kORC TUR PBS 2
=CAT  \\$a1722$b40$c20080117$lBLL01$h1751
=CAT  \\$a1722$b40$c20080118$lBLL01$h1000
=CAT  \\$a4039$b40$c20080218$lBLL01$h1811
=FIN  \\$aY$d20080118
=LAS  \\$a4039$b40$c20080218$lBLL01$h1811

