=LDR  01385 am a2200397 a 4500
=001  014497174
=003  Uk
=005  20080423111605.0
=008  080116s2006\\\\enkab\\\\b\\\o000\0\eng\\
=FMT  \\$a  BK
=015  \\$aGBA860187$2bnb
=016  7\$a014497174$2Uk
=020  \\$a9780852725542 (pbk) :$cNo price
=040  \\$aUk$beng$cUk
=042  \\$aukblsr
=082  04$a555.357$222
=245  00$aGeology of the Al Ain 1:50 000 map sheet, 50-6, United Arab Emirates /$cR.A. Ellison ... [et al.].
=260  \\$aUnited Arab Emirates :$bPetroleum & Minerals Sector, Minerals Dept.,$cc2006.
=300  \\$avii, 36 p. :$bcol. ill., 1 col. map ;$c21 cm.
=336  \\$atext$2rdacontent
=337  \\$aunmediated$2rdamedia
=338  \\$avolume$2rdacarrier
=504  \\$aIncludes bibliographical references.
=650  \0$aGeology$zUnited Arab Emirates.
=700  1\$aEllison, R. A.
=710  1\$aUnited Arab Emirates.$bWizārat al-Batrūl wa-al-Tharwah al-Maʻdinīyah.
=710  2\$aBritish Geological Survey.
=852  11$aBritish Library$bSTI$k555.357
=CAT  \\$aBATCH-ALDL$b00$c20080118$lBLL01$h1526
=CAT  \\$a8479$b40$c20080417$lBLL01$h1254
=CAT  \\$a6916$b40$c20080423$lBLL01$h1116
=CAT  \\$aWR16_021$c20160618$lBLL01$h1827
=FIN  \\$aY$d20080423
=LDO  \\$aALDL$bPB$c20071221$d4780293
=SRC  \\$aALDL
=LAS  \\$aWR16_021$b00$c20160618$lBLL01$h1827

