=LDR  01759pam a2200505 a 4500
=001  014500807
=003  Uk
=005  20080409154347.0
=008  080121s2008\\\\sz\a\\\\\b\\\\001\0\eng\d
=FMT  \\$a  BK
=015  \\$aGBA809434$2bnb
=016  7\$a014500807$2Uk
=020  \\$a9783764386269 (v. 1) :$cNo price
=020  \\$a3764386266 (v. 1) :$cNo price
=020  \\$a9783764385941 (v. 2) :$cNo price
=020  \\$a3764385944 (v. 2) :$cNo price
=020  \\$a9783764385958 (v. 2 : e-ISBN) :$cNo price
=040  \\$aStDuBDS$beng$cStDuBDS$dUk
=042  \\$aukblsr
=082  04$a615.32$222
=245  00$aNatural compounds as drugs /$cedited by Frank Petersen and René Amstutz.
=260  \\$aBasel :$bBirkhäuser ;$a[London :$bSpringer, distributor],$cc2008.
=300  \\$a2 v. :$bill. (some col.) ;$c24 cm.
=336  \\$atext$2rdacontent
=337  \\$aunmediated$2rdamedia
=338  \\$avolume$2rdacarrier
=490  1\$aProgress in drug research ;$vv. 66
=504  \\$aIncludes bibliographical references and index.
=500  \\$aFormerly CIP.$5Uk
=650  \0$aPharmacognosy.
=650  \0$aNatural products.
=700  1\$aPetersen, Frank,$cDr.
=700  1\$aAmstutz, René.
=830  \0$aProgress in drug research ;$vv. 66.
=852  41$aBritish Library$bDSC$ivol. 2
=CAT  \\$aBATCH-CIP$b00$c20080122$lBLL01$h1702
=CAT  \\$aBATCH$b00$c20080122$lBLL01$h1704
=CAT  \\$aBATCH$b00$c20080122$lBLL01$h1710
=CAT  \\$a11250$b40$c20080409$lBLL01$h1543
=CAT  \\$aBATCH$b00$c20091217$lBLL01$h0516
=CAT  \\$aBATCH$b00$c20100103$lBLL01$h1308
=CAT  \\$aWR16_021$c20160618$lBLL01$h1827
=CAT  \\$aBATCH-UPD$b00$c20160618$lBLL01$h2150
=FIN  \\$aY$d20080409
=LAS  \\$aBATCH-UPD$b00$c20160618$lBLL01$h2150

