=LDR  01719 as a2200481 a 4500
=001  014503599
=003  Uk
=005  20150123135245.0
=007  ta
=008  080128d200u2012enkar\p\\\\\\\0\\\a0eng\\
=FMT  \\$a  SE
=015  \\$aGBA810046$2bnb
=040  \\$aUk$beng$cUk
=042  \\$aukblsr
=082  04$a338.927$222
=110  2\$aCo-operative Group (Great Britain)
=240  10$aSustainability report (Co-operative Group, Great Britain)
=245  10$aSustainability report /$cThe Co-operative Group.
=260  \\$aManchester :$bCo-operative Group
=300  \\$av. :$bcol. ill. ;$c30 cm.
=310  \\$aAnnual
=336  \\$atext$2rdacontent
=337  \\$aunmediated$2rdamedia
=338  \\$avolume$2rdacarrier
=362  1\$aBegan with 2003 report?
=500  \\$aDescription based on: 2005 report.
=610  20$aCo-operative Group (Great Britain)$vPeriodicals.
=650  \0$aSustainable development reporting$vPeriodicals.
=650  \0$aSocial responsibility of business$vPeriodicals.
=690  7\$aManagement and Business Studies$2blcoll
=776  08$iContinued online:$aCo-operative Group (Great Britain)$tSustainability report
=852  11$aBritish Library$bSTI$cBIPC$kBIPC Trade Literature Collection$32003- (2012)
=CAT  \\$a5997$b40$c20080128$lBLL01$h0859
=CAT  \\$a5997$b40$c20080128$lBLL01$h0900
=CAT  \\$aBATCH$b00$c20090625$lBLL01$h1714
=CAT  \\$aBATCH690$c20100715$lBLL01$h2105
=CAT  \\$aBATCH-MBS$c20100716$lBLL01$h2050
=CAT  \\$aWR14_140$c20140905$lBLL01$h1817
=CAT  \\$a11316$b40$c20150123$lBLL01$h1351
=CAT  \\$a11316$b40$c20150123$lBLL01$h1352
=FIN  \\$aY$d20080128
=TCO  \\$aCLA$bCLA$c008
=LAS  \\$a11316$b40$c20150123$lBLL01$h1352

