=LDR  01530cam a2200433 a 4500
=001  014517909
=003  Uk
=005  20100104112206.0
=008  070525m20079999nz\ab\\\\b\\\\001\0\eng\\
=FMT  \\$a  BK
=020  \\$a9780473121464 (pbk.)
=020  \\$a0473121468 (pbk.)
=035  \\$a(OCoLC)174083369
=037  \\$bRSB Publications, 187 Gillies Avenue, Epsom, Auckland, N.Z.
=040  \\$aNz$beng$cNZWTU
=042  \\$aukblsr
=043  \\$au-nz---
=082  04$a993.01$222
=100  1\$aBennett, R. S.$q(Rex Storey),$d1946-
=245  10$aTreaty to treaty :$ba history of early New Zealand from the Treaty of Tordesillas 1494 to the Treaty of Waitangi 1840 /$cby R.S. Bennett.
=260  \\$aAuckland [N.Z.] :$bR.S. Bennett,$c2007-
=300  \\$av. :$bill., maps ;$c30 cm.
=336  \\$atext$2rdacontent
=337  \\$aunmediated$2rdamedia
=338  \\$avolume$2rdacarrier
=505  1\$av. 1. Background topics.
=504  \\$aIncludes bibliographical references and index.
=650  \0$aMaori (New Zealand people)$xHistory$y19th century.
=651  \0$aNew Zealand$xHistory$yTo 1840.
=651  \0$aNew Zealand$xRace relations$xHistory.
=852  41$aBritish Library$bOC$ivol. 1
=CAT  \\$a6191$b40$c20080211$lBLL01$h1533
=CAT  \\$a11002$b40$c20080428$lBLL01$h0943
=CAT  \\$a6989$b40$c20091230$lBLL01$h1202
=CAT  \\$a11244$b40$c20100104$lBLL01$h1122
=CAT  \\$aW2308-1659$c20230923$lBLL01$h1118
=FIN  \\$aY$d20091230
=SID  \\$aZ39$bOCLC
=LAS  \\$aW2308-1659$b00$c20230923$lBLL01$h1118

