=LDR  01122 as a22003497a 4500
=001  014523161
=003  Uk
=005  20111018144658.0
=007  ta
=008  080218d199u2008enkuu\p\\\\\\\0\\\a0eng\\
=FMT  \\$a  SE
=040  \\$aUk$beng$cUk
=042  \\$aukblsr
=245  00$aWhatever you frame /$cArqadia.
=246  12$aArqadia
=260  \\$aKempston :$bArqadia Ltd
=300  \\$av. :$bcol. ill. ;$c30 cm.
=336  \\$atext$2rdacontent
=337  \\$aunmediated$2rdamedia
=338  \\$avolume$2rdacarrier
=500  \\$aDescription based on: Vol. 9; latest volume consulted: v. 10.
=525  \\$aTrade price list accompanies some issues.
=650  \0$aPicture frames and framing$vPeriodicals.
=650  \0$aPicture frame industry$vPeriodicals.
=710  2\$aArqadia (Firm)
=852  41$aBritish Library$bSTI$cBIPC$kBIPC Trade Literature Collection$3Vol. 9 (2003)-v. 11 (2008)
=CAT  \\$a5997$b40$c20080218$lBLL01$h1449
=CAT  \\$a8964$b40$c20080219$lBLL01$h1528
=CAT  \\$a7792$b40$c20111018$lBLL01$h1446
=FIN  \\$aY$d20080218
=TCO  \\$aCLA$bCLA$c008
=LAS  \\$a7792$b40$c20111018$lBLL01$h1446

