=LDR  01834cas a2200505 a 4500
=001  014526854
=003  Uk
=005  20160728145319.0
=007  ta
=008  080221c200u9999enkar\p\\\\\\\0\\\a0eng\\
=FMT  \\$a  SE
=015  \\$aGBA821267$2bnb
=040  \\$aUk$beng$cUk$dUk
=042  \\$aukblsr
=082  04$a338.4764510941$222
=110  2\$aJames Halstead plc.
=245  10$aReport & accounts ... /$cJames Halstead plc.
=246  3\$aReport and accounts
=260  \\$aManchester :$bJames Halstead
=300  \\$av. ;$c30 cm.
=310  \\$aAnnual
=336  \\$atext$2rdacontent
=337  \\$aunmediated$2rdamedia
=338  \\$avolume$2rdacarrier
=500  \\$aDescription based on: 2007 issue.
=500  \\$aSome issues accompanied by CD-ROMs.
=610  20$aJames Halstead plc$vPeriodicals.
=610  20$aJames Halstead plc$xFinance$vPeriodicals.
=650  \0$aFloor coverings industry$vPeriodicals.
=690  7\$aManagement and Business Studies$2blcoll
=780  00$tAnnual report and accounts. James Halstead Group plc
=780  05$aJames Halstead plc.$sCorporate review (James Halstead plc)
=852  41$aBritish Library$bSTI$cBIPC$kBIS$32005-
=CAT  \\$a5997$b40$c20080221$lBLL01$h1200
=CAT  \\$a6537$b40$c20120523$lBLL01$h0957
=CAT  \\$a8124$b40$c20121219$lBLL01$h1234
=CAT  \\$aWR14_140$c20140905$lBLL01$h1818
=CAT  \\$a8124$b40$c20160728$lBLL01$h1444
=CAT  \\$a8124$b40$c20160728$lBLL01$h1453
=CAT  \\$aBATCH-MBS$c20160805$lBLL01$h2110
=FIN  \\$aY$d20080221
=LKR  \\$aPAR$b013614178$lBLL01$r78005$mReport & accounts ... /$nCorporate review /
=LKR  \\$aPAR$b007212686$lBLL01$r78000$mReport and accounts. James Halstead plc$nAnnual report and accounts. James Halstead Group plc
=TCO  \\$aCLA$bCLA$c008
=LAS  \\$aBATCH-MBS$b00$c20160805$lBLL01$h2110

