=LDR  01610 am a2200397 i 4500
=001  014538880
=003  Uk
=005  20200619193637.0
=008  080306s1894\\\\it\\\\\\\\\\\\000\0\ita\\
=FMT  \\$a  BK
=040  \\$aUk$beng$cUk$erda$edcrmb
=042  \\$aukblsr
=100  1\$aTeza, Emilio,$d1831-1912,$eauthor.
=245  10$aDi una grammatica inedita della lingua georgiana scritta da un cappuccino d'Italia$cnote di E. Teza.
=264  \1$aVenezia :$bTipografia Ferrari,$c1894.
=300  \\$a[2], [25]-39, [1], 4 pages ;$c22 cm (8º)
=336  \\$atext$2rdacontent
=337  \\$aunmediated$2rdamedia
=338  \\$avolume$2rdacarrier
=500  \\$a"Estratto dagli Atti del R. Istituto Veneto di scienze, lettere ed arti. Tomo VI, serie VII - 1894-95" - verso of titlepage.
=500  \\$aIncludes: Nota da aggiungere alla pagina 38 di E. Teza (4 pages), taken from the same source.
=650  \0$aGeorgian language$xGrammar.
=600  00$aGirolamo,$cda Norcia.
=740  0\$aAtti del Reale Istituto Veneto di scienze, lettere ed arti.
=852  41$aBritish Library$bOC$hTr. 762(h)
=985  \\$aCorrected by MS generated file for WR# 1805-0738
=CAT  \\$a1722$b40$c20080306$lBLL01$h1104
=CAT  \\$a1722$b40$c20080306$lBLL01$h1106
=CAT  \\$a4039$b40$c20080417$lBLL01$h1450
=CAT  \\$a4039$b40$c20170509$lBLL01$h1228
=CAT  \\$a4039$b40$c20170509$lBLL01$h1230
=CAT  \\$a1805-0738$c20181228$lBLL01$h1815
=CAT  \\$a1805-0738$b00$c20181228$lBLL01$h1903
=CAT  \\$aW2001-2376$c20200619$lBLL01$h1936
=FIN  \\$aY$d20080306
=LAS  \\$aW2001-2376$b00$c20200619$lBLL01$h1936

