=LDR  01624 as a2200469 a 4500
=001  014538921
=003  Uk
=005  20160519151559.0
=007  ta
=008  080306d2006200usa\ar\\\\\\\\\0\\\a0eng\\
=FMT  \\$a  SE
=040  \\$aUk$beng$cUk
=042  \\$aukblsr
=082  04$a338.2782$222
=110  2\$aDe Beers (Firm)
=245  10$aOperating and financial review /$cDe Beers.
=260  \\$aSouthdale :$bDe Beers,$c2006-
=300  \\$av. :$bcol. ill.,col. maps, col. ports. ;$c30 cm.
=310  \\$aAnnual
=336  \\$atext$2rdacontent
=337  \\$aunmediated$2rdamedia
=338  \\$avolume$2rdacarrier
=362  0\$a2006-
=362  1\$aCeased in 2008?
=650  \0$aDiamond industry and trade$zAfrica$vPeriodicals.
=650  \0$aDiamond industry and trade$zCanada$vPeriodicals.
=650  \0$aDiamond mining$zAfrica$vPeriodicals.
=650  \0$aDiamond mining$zCanada$vPeriodicals.
=610  20$aDe Beers (Firm)$vPeriodicals.
=780  00$aDe Beers (Firm).$tAnnual review
=852  41$aBritish Library$bSTI$cBIPC$kBIPC Trade Literature Collection$32006-2008
=CAT  \\$a8124$b40$c20080306$lBLL01$h1124
=CAT  \\$a10743$b40$c20080319$lBLL01$h1139
=CAT  \\$aBATCH$b00$c20081124$lBLL01$h1135
=CAT  \\$a7792$b40$c20120103$lBLL01$h1059
=CAT  \\$a7778$b40$c20130104$lBLL01$h1435
=CAT  \\$a8871$b40$c20160512$lBLL01$h1717
=CAT  \\$a8871$b40$c20160519$lBLL01$h1515
=FIN  \\$aY$d20080306
=LKR  \\$aPAR$b008569830$lBLL01$nAnnual review / De Beers$mOperating and financial review / De Beers$r78000
=TCO  \\$aZAF$bDALRO$c008
=LAS  \\$a8871$b40$c20160519$lBLL01$h1515

