=LDR  01075 as a2200337 a 4500
=001  014565029
=003  Uk
=005  20080326155503.0
=007  ta
=008  080317c20069999enkuu\p\\\\\\\0\\\a0eng\\
=FMT  \\$a  SE
=015  \\$aGBA846988$2bnb
=040  \\$aUk$beng$cUk
=042  \\$aukblsr
=082  04$a338.4761607540941$222
=245  00$aLundy today.
=260  \\$aCrowthorne :$bLundy Healthcare,$c[2006]-
=300  \\$av. :$bcol. ill., col. ports ;$c30 cm.
=336  \\$atext$2rdacontent
=337  \\$aunmediated$2rdamedia
=338  \\$avolume$2rdacarrier
=362  1\$aBegan with issue 1 (Nov. 2006).
=650  \0$aMedical imaging equipment industry$zGreat Britain$vPeriodicals.
=710  2\$aLundy Healthcare.
=852  11$aBritish Library$bSTI$cBIPC$kBIPC Trade Literature Collection$3Issue 3(2008:Jan.)-Issue 6 (2009)
=CAT  \\$a5997$b40$c20080317$lBLL01$h1319
=CAT  \\$a10743$b40$c20080326$lBLL01$h1555
=CAT  \\$aWR14_140$c20140905$lBLL01$h1818
=FIN  \\$aY$d20080317
=TCO  \\$aCLA$bCLA$c008
=LAS  \\$aWR14_140$b00$c20140905$lBLL01$h1818

