=LDR  02195cas a2200565 a 4500
=001  014576798
=003  Uk
=005  20220720084424.0
=007  ta
=008  080402c20079999enkfr\\\\\\\\\0\\\a0eng\\
=FMT  \\$a  SE
=015  \\$aGBA853152$2bnb
=040  \\$aUk$beng$cUk$dUk
=042  \\$aukblsr
=082  04$a332.632094$222
=110  2\$aArtemis European Growth Fund.
=245  10$aManager's short report :$bfor the year ended 31st March ... /$cArtemis European Growth Fund.
=260  \\$aLondon :$bArtemis Fund Managers Limited,$c2007-
=300  \\$av. :$bill. ;$c21 cm.
=310  \\$aSemiannual,$b2013-
=321  \\$aAnnual,$b2007-2012
=336  \\$atext$2rdacontent
=337  \\$aunmediated$2rdamedia
=338  \\$avolume$2rdacarrier
=362  0\$a2007-
=500  \\$aSubtitle varies.
=588  \\$aLatest issue consulted: for the six months ended 30 September 2013.
=610  20$aArtemis European Growth Fund$vPeriodicals.
=650  \0$aSecurities$zEurope$vPeriodicals.
=690  7\$aManagement and Business Studies$2blcoll
=787  0\$tManagers report and financial statements - Artemis European Growth Fund
=852  11$aBritish Library$bSTI$cBIPC$kBIPC Trade Literature Collection$32007-(Mar. 2016)
=CAT  \\$a8124$b40$c20080402$lBLL01$h1111
=CAT  \\$a8124$b40$c20080402$lBLL01$h1114
=CAT  \\$a8124$b40$c20080402$lBLL01$h1126
=CAT  \\$a9572$b40$c20080407$lBLL01$h1021
=CAT  \\$aBATCH$b00$c20081124$lBLL01$h1135
=CAT  \\$a8871$b40$c20100114$lBLL01$h1253
=CAT  \\$a8871$b40$c20100114$lBLL01$h1255
=CAT  \\$a5997$b40$c20140102$lBLL01$h1426
=CAT  \\$a5997$b40$c20140102$lBLL01$h1427
=CAT  \\$aWR14_140$c20140905$lBLL01$h1818
=CAT  \\$aBATCH-MBS$c20160930$lBLL01$h2132
=CAT  \\$a8124$b40$c20220720$lBLL01$h0843
=CAT  \\$a8124$b40$c20220720$lBLL01$h0844
=FIN  \\$aY$d20080402
=LET  \0$aManager's short report - Artemis European Growth Fund
=LKR  \\$aPAR$b007207220$lBLL01$r787$mManager's short report : for the year ended 31st march ... /$nManagers report and financial statement - Artemis European Growth Fund.
=TCO  \\$aCLA$bCLA$c008
=LAS  \\$a8124$b40$c20220720$lBLL01$h0844

