=LDR  01725 as a2200457 a 4500
=001  014576819
=003  Uk
=005  20100114125607.0
=007  ta
=008  080402c20069999enkar\\\\\\\\\0\\\a0eng\\
=FMT  \\$a  SE
=015  \\$aGBA853157$2bnb
=040  \\$aUk$beng$cUk
=042  \\$aukblsr
=082  04$a332.632094105$222
=110  2\$aArtemis UK Growth Fund.
=245  10$aManager's short report :$bfor the year ended 31st December ... /$cArtemis UK Growth Fund.
=260  \\$aLondon :$bArtemis Fund Managers Limited,$c2007-
=300  \\$av. :$bill. ;$c21 cm.
=310  \\$aAnnual
=336  \\$atext$2rdacontent
=337  \\$aunmediated$2rdamedia
=338  \\$avolume$2rdacarrier
=362  0\$a2006-
=610  20$aArtemis UK Growth Fund$vPeriodicals.
=650  \0$aSecurities$zGreat Britain$vPeriodicals.
=690  7\$aManagement and Business Studies$2blcoll
=780  00$tManagers report and financial statement - Artemis UK Growth Fund
=852  11$aBritish Library$bSTI$cBIPC$kBIPC Trade Literature Collection$32006-(Dec. 2015)
=CAT  \\$a8124$b40$c20080402$lBLL01$h1129
=CAT  \\$a9572$b40$c20080407$lBLL01$h1023
=CAT  \\$aBATCH$b00$c20081124$lBLL01$h1135
=CAT  \\$a8871$b40$c20100114$lBLL01$h1253
=CAT  \\$a8871$b40$c20100114$lBLL01$h1256
=CAT  \\$aWR14_140$c20140905$lBLL01$h1818
=CAT  \\$aBATCH-MBS$c20160930$lBLL01$h2132
=FIN  \\$aY$d20080402
=LET  \0$aManager's short report - Artemis UK Growth Fund
=LKR  \\$aPAR$b007894188$lBLL01$r78000$mManager's short report : for the year ended 31st December ... /$nManagers report and financial statement - Artemis UK Growth Fund.
=TCO  \\$aCLA$bCLA$c008
=LAS  \\$aBATCH-MBS$b00$c20160930$lBLL01$h2132

