=LDR  01283 as a2200385 a 4500
=001  014577308
=003  Uk
=005  20210408094610.0
=007  ta
=008  080403d20082012enkqr\p\\\\\\\0\\\a0eng\\
=FMT  \\$a  SE
=040  \\$aUk$beng$cUk
=042  \\$aukblsr
=245  00$aStorit.
=260  \\$a[London] :$bCMS Peripherals,$c[2008]-2012
=300  \\$av. :$bill. (some col.) ;$c30 cm.
=310  \\$aQuarterly
=336  \\$atext$2rdacontent
=337  \\$aunmediated$2rdamedia
=338  \\$avolume$2rdacarrier
=362  0\$aVol. 4, issue 1-
=610  20$aCMS Peripherals (Firm)$vPeriodicals.
=650  \0$aComputer storage devices$vPeriodicals.
=650  \0$aComputer storage device industry$vPeriodicals.
=650  \0$aStorage area networks (Computer networks)$vPeriodicals.
=710  2\$aCMS Peripherals (Firm)
=780  00$tStorit office
=852  11$aBritish Library$bSTI$cBIPC$kBIPC Trade Literature Collection$3Volume 4, Issue 1 (2008)-vol. 8, no. 2 (2012)
=CAT  \\$a8323$b40$c20080403$lBLL01$h0851
=CAT  \\$a9572$b40$c20080407$lBLL01$h1013
=CAT  \\$a7764$b40$c20210408$lBLL01$h0946
=FIN  \\$aY$d20080403
=LKR  \\$aPAR$b013507157$lBLL01$r78000$mStorit.$nStorit office.
=TCO  \\$aCLA$bCLA$c008
=LAS  \\$a7764$b40$c20210408$lBLL01$h0946

