=LDR  01473 cm a2200385 a 4500
=001  014578300
=003  Uk
=005  20080404170335.0
=008  080404r20061999au\||z\\\\\\\\\n\\|\zxx\\
=FMT  \\$a  MU
=020  \\$a9783702415761
=024  2\$aM008061332
=028  22$aUE 18 795$bUniversal Edition
=040  \\$aUk$beng$cUk
=041  0\$geng$gger$gfre
=082  04$a788.7076$222
=100  1\$aRae, James.
=240  10$aModern études,$msaxophone
=245  10$a12 modern études :$bfor solo saxophone /$cJames Rae.
=246  3\$aTwelve modern études
=260  \\$aVienna :$bUniversal Edition,$c[2006], c1999.
=300  \\$a23 p. of music ;$c31 cm.
=336  \\$anotated music$2rdacontent
=337  \\$aunmediated$2rdamedia
=338  \\$avolume$2rdacarrier
=500  \\$a"The pieces can be performed individually or grouped together to form suites of three or more movements"--Pref.
=500  \\$aPref. in English, French, and German.
=500  \\$aReprint. Originally published : London : Universal Edition, 1999.
=505  0\$aIgnition -- Triplet prelude -- Again and again -- Staccato prelude -- Point to point -- Tabasco -- If only-- -- Neat! -- Free spirit -- Cascades -- Nightfall -- Grand etude.
=650  \0$aSaxophone$vStudies and exercises.
=852  41$aBritish Library$bDSC$cMUSIC
=CAT  \\$a8870$b40$c20080404$lBLL01$h1159
=CAT  \\$a8870$b40$c20080404$lBLL01$h1703
=FIN  \\$aY$d20080404
=LAS  \\$a8870$b40$c20080404$lBLL01$h1703

