=LDR  01206 cm a2200361 a 4500
=001  014579031
=003  Uk
=005  20080404162153.0
=008  080404r20071993au\||ae\\\\\\\\n\\|\zxx\\
=FMT  \\$a  MU
=020  \\$a9783702413262
=024  2\$aM008039072
=028  22$aUE 19765$bUniversal Edition
=040  \\$aUk$beng$cUk
=041  0\$geng$gger
=082  04$a788.71643$222
=100  1\$aRae, James.
=245  10$aBlue saxophone /$cJames Rae.
=260  \\$aVienna :$bUniversal Edition,$c[2007], c1993.
=300  \\$a1 score (16p) + 2 parts ;$c31cm.
=336  \\$anotated music$2rdacontent
=337  \\$aunmediated$2rdamedia
=338  \\$avolume$2rdacarrier
=500  \\$aFor alto or tenor saxophone and piano.
=500  \\$aReprint. Originally published: London : Universal Edition, 1993.
=500  \\$aIncludes pref. in English and German.
=505  0\$aMr Creek -- Vintage blue -- Waltz for Emily -- In the wee small hours -- Rachel and the boys.
=650  \0$aSaxophone and piano music$vScores and parts.
=650  \0$aBlues (Music)
=852  41$aBritish Library$bDSC$cMUSIC
=CAT  \\$a8870$b40$c20080404$lBLL01$h1621
=FIN  \\$aY$d20080404
=LAS  \\$a8870$b40$c20080404$lBLL01$h1621

