=LDR  01776 cm a2200469 a 4500
=001  014582097
=003  Uk
=005  20080407104405.0
=008  080407r200u1996enk||a\\\\\\\\\n\\|\eng\\
=FMT  \\$a  MU
=028  22$a12714$bChester Music
=028  32$aCH61627$bChester Music
=040  \\$aUk$beng$cUk
=082  04$a783.6742$222
=100  1\$aWeir, Judith.
=245  10$aHorse d'oeuvres /$cJudith Weir.
=246  3\$aHors d'oeuvres
=250  \\$aSpecial order ed.
=254  \\$aScore.
=260  \\$aLondon :$bChester Music,$c[200-?], c1996.
=300  \\$a1 score (5, 10, 15 p.) ;$c30 cm.
=336  \\$anotated music$2rdacontent
=337  \\$aunmediated$2rdamedia
=338  \\$avolume$2rdacarrier
=500  \\$a3 songs for mezzo-soprano with horn (1st work) or instrumental ensemble (2nd & 3rd works).
=505  0\$aDon't let that horse -- On buying a horse -- Hold your horse.
=546  \\$aEnglish words.
=500  \\$aWords by Lawrence Ferlinghetti (1st work), anon (2nd work), Wang Wei (3rd work).
=500  \\$a1st and 2nd works previously published separately in 1990 (1st work) and 1991 (2nd work); 3rd work added in 1996 to form a cycle.
=500  \\$a2nd work originally for voice and piano.
=500  \\$aA facsimile of the composer's autograph.
=650  \0$aSong cycles.
=650  \0$aSongs (Medium voice) with horn.
=650  \0$aSongs (Medium voice) with instrumental ensemble$vScores.
=650  \0$aMusic$vManuscripts$vFacsimiles.
=700  12$aWeir, Judith.$tDon't let that horse.
=700  12$aWeir, Judith.$tOn buying a horse.
=700  12$aWeir, Judith.$tHold your horse.
=852  41$aBritish Library$bDSC$cMUSIC
=CAT  \\$a8870$b40$c20080407$lBLL01$h1044
=FIN  \\$aY$d20080407
=LAS  \\$a8870$b40$c20080407$lBLL01$h1044

