=LDR  01395 cm a2200385 i 4500
=001  014585032
=003  Uk
=005  20141015152855.0
=008  080409q19351936cc\sgl\|\||||||n\\|\chi\\
=FMT  \\$a  MU
=040  \\$aUk$beng$cUk$erda
=042  \\$aukblsr
=082  04$a782.5420951$223
=100  1\$aLi, Weining$c(Musician),$ecomposer.
=245  10$a[Patriotic and military song] /$c[Weining Li].
=264  \1$a[Shanghai] :$b[Commercial Press Publishing House],$c[1935 or 1936?]
=300  \\$a1 score (9 pages) ;$c30 cm
=336  \\$anotated music$2rdacontent
=337  \\$aunmediated$2rdamedia
=338  \\$avolume$2rdacarrier
=500  \\$aFor chorus SATB and piano.
=546  \\$bStaff notation.
=546  \\$aChinese words.
=500  \\$aTitle and imprint in Chinese.
=500  \\$aInformation in English supplied from bookseller's description.
=505  0\$a[Song of the leaves] ; [Spatial military song] / [words by Jialun Ino] -- [Hometown marching] / [words by E An].
=650  \0$aChoruses, Secular (Mixed voices) with piano.
=650  \0$aMilitary music$zChina.
=650  \0$aPatriotic music$zChina.
=852  41$aBritish Library$bMUSIC$qNot yet available
=CAT  \\$a7988$b40$c20080409$lBLL01$h1112
=CAT  \\$aBATCH-UPD$b40$c20121114$lBLL01$h1704
=CAT  \\$a12274$b40$c20141015$lBLL01$h1528
=FIN  \\$aY$d20141015
=LAS  \\$a12274$b40$c20141015$lBLL01$h1528

