=LDR  01343cas a2200409 a 4500
=001  014585708
=003  Uk
=005  20080410111621.0
=007  ta
=008  080410c200u9999enkar\p\\\\\\\0\\\a0eng\\
=FMT  \\$a  SE
=040  \\$aUk$beng$cUk
=042  \\$aukblsr
=082  04$a368.0065$222
=110  20$aLR Group.
=245  10$aGroup review /$cLloyd's Register.
=260  \\$aLondon :$bLloyd's Register
=300  \\$av. :$bcol. ill., col. ports. ;$c30 cm.
=310  \\$aAnnual
=336  \\$atext$2rdacontent
=337  \\$aunmediated$2rdamedia
=338  \\$avolume$2rdacarrier
=500  \\$aDescription based on: 2006 issue.
=610  20$aLR Group$vPeriodicals.
=650  \0$aRisk management$vPeriodicals.
=690  7\$aManagement and Business Studies$2blcoll
=780  00$tAnnual review- Lloyds Register
=852  11$aBritish Library$bSTI$cBIPC$kBIPC Trade Literature Collection$32006-2016
=CAT  \\$a11316$b40$c20080410$lBLL01$h1114
=CAT  \\$a11316$b40$c20080410$lBLL01$h1116
=CAT  \\$aBATCH$b00$c20081124$lBLL01$h1135
=CAT  \\$aBATCH-UPD$b00$c20141012$lBLL01$h1134
=CAT  \\$aBATCH-MBS$c20161028$lBLL01$h2114
=FIN  \\$aY$d20080410
=LKR  \\$aPAR$b010459561$lBLL01$r78000$mGroup review /$nANNUAL REVIEW- LLOYDS REGISTER.
=TCO  \\$aCLA$bCLA$c008
=LAS  \\$aBATCH-MBS$b00$c20161028$lBLL01$h2114

