=LDR  01727 am a2200421 a 4500
=001  014587953
=003  Uk
=005  20080528163356.0
=008  080414s1835\\\\enka\\\\\\\\\\000\0\eng\\
=FMT  \\$a  BK
=040  \\$aUk$beng$cUk
=042  \\$aukblsr
=100  1\$aBurford, Robert,$d1791-1861.
=245  10$aDescription of a view of the city of Jerusalem, and the surrounding country, now exhibiting at Panorama, Leicester Square /$cpainted by the proprietor, Robert Burford, from drawings taken in 1834, by Mr. F. Catherwood, architect.
=264  \1$aLondon :$bPrinted by T. Brettell,$c1835.
=300  \\$a12 pages, [1] folded leaf of plates :$billustrations ;$c21 cm. (8º)
=336  \\$atext$2rdacontent
=337  \\$aunmediated$2rdamedia
=338  \\$avolume$2rdacarrier
=340  \\$m8vo$2rdabf
=500  \\$aFolded plate entitled: A description of a view of Jerusalem, now exhibiting at the Panorama, Leicester Square.
=541  \\$aPurchased$d611106(18).
=651  \0$aJerusalem$vExhibitions$xDescription.
=650  \0$aPanoramas.
=700  1\$aCatherwood, Frederick.
=710  2\$aPanorama (Leicester Square, London, England)
=852  41$aBritish Library$bHMNTS$m10349.t.15.(32.)
=985  \\$aCorrected by MS generated file for WR# 1805-0738
=CAT  \\$a12569$b40$c20080414$lBLL01$h1251
=CAT  \\$a12569$b40$c20080414$lBLL01$h1252
=CAT  \\$a12569$b40$c20080414$lBLL01$h1712
=CAT  \\$a12569$b40$c20080414$lBLL01$h1747
=CAT  \\$a12569$b40$c20080521$lBLL01$h1546
=CAT  \\$a12569$b40$c20080528$lBLL01$h1633
=CAT  \\$a1805-0738$c20181228$lBLL01$h1815
=CAT  \\$a1805-0738$b00$c20181228$lBLL01$h1903
=FIN  \\$aY$d20080414
=LAS  \\$a1805-0738$b00$c20181228$lBLL01$h1903

