=LDR  00951 as a2200301 a 4500
=001  014590630
=003  Uk
=005  20080416083212.0
=007  ta
=008  080416c200u9999enkuu\p\\\\\\\0\\\a0eng\\
=FMT  \\$a  SE
=040  \\$aUk$beng$cUk
=082  04$a629.222$222
=245  00$aFord impact.
=260  \\$a[Essex] :$bPublished on behalf of Ford Motor Co.
=300  \\$av. :$bcol. ill. ;$c30 cm.
=336  \\$atext$2rdacontent
=337  \\$aunmediated$2rdamedia
=338  \\$avolume$2rdacarrier
=500  \\$aDescription based on: Issue 23 (2008).
=650  \0$aFord automobile$zGreat Britain$vPeriodicals.
=610  20$aFord Motor Company ltd.$vPeriodicals.
=710  2\$aFord Motor Company ltd.
=852  11$aBritish Library$bSTI$cBIPC$kBIPC Trade Literature Collection$3Issue 1 (2008)-issue 32 (2010)
=CAT  \\$a8871$b40$c20080416$lBLL01$h0832
=FIN  \\$aY$d20080416
=TCO  \\$aCLA$bCLA$c008
=LAS  \\$a8871$b40$c20080416$lBLL01$h0832

