=LDR  01285 am a2200373 a 4500
=001  014616192
=003  Uk
=005  20080514150824.0
=008  800417m19499999dcu\\\\\\\\\\o001\0\eng\\
=FMT  \\$a  BK
=010  \\$a   49046970 
=035  \\$a(OCoLC)6213453
=040  \\$aUk$beng$cUk
=042  \\$aukblsr
=050  00$aJK1671$b.A33
=100  1\$aStoll, Joseph M.
=245  10$aService of supply :$boutline of a training course for officers and employees of the Federal Supply Service /$cprepared by Joseph M. Stoll in consultation with Robert LeFevre ; prepared under the supervision of Clifton E. Mack.
=260  \\$aWashington :$bU.S. Government Printing Office,$c1949-
=300  \\$av. ;$c24 cm.
=336  \\$atext$2rdacontent
=337  \\$aunmediated$2rdamedia
=338  \\$avolume$2rdacarrier
=500  \\$aIncludes index.
=505  1\$av. 1. Regular purchasing.
=650  \0$aGovernment property$zUnited States.
=650  \0$aBuying.
=710  1\$aUnited States.$bFederal Supply Service.
=852  41$aBritish Library$bHMNTS$ivol. 1
=CAT  \\$a11250$b40$c20080514$lBLL01$h1426
=CAT  \\$a11250$b40$c20080514$lBLL01$h1428
=CAT  \\$a12179$b40$c20080514$lBLL01$h1508
=FIN  \\$aY$d20080514
=SRC  \\$aBLL02
=LAS  \\$a12179$b40$c20080514$lBLL01$h1508

