=LDR  00896 as a22002417a 4500
=001  014639105
=003  Uk
=005  20080609141020.0
=007  ta
=008  080609c19809999gw\uu\m\\\\\\\0\\\a0ger\\
=FMT  \\$a  SE
=040  \\$aUk$beng$cUk
=245  00$aPrahistorische Bronzefunde :$bAbteilung XIX.
=260  \\$aStuttgart :$bFranz Steiner,$c1980-.
=300  \\$av.
=336  \\$atext$2rdacontent
=337  \\$aunmediated$2rdamedia
=338  \\$avolume$2rdacarrier
=852  41$aBritish Library$bHMNTS$mX.0415/55(19)[Bd.....]$3Band 2(2008)-Band 3(2018)***Items received after 27/01/2021 shelved as monographs with individual shelfmarks
=852  41$aBritish Library$bHMNTS$mX.0415/55(19)[Bd.....]$3Items received after 27/01/2021 shelved as monographs with individual shelfmarks
=CAT  \\$a10926$b40$c20080609$lBLL01$h1410
=TCO  \\$aDEU$bVG WORT$c008
=LAS  \\$a10926$b40$c20080609$lBLL01$h1410

