=LDR  01274 as a2200385 a 4500
=001  014639924
=003  Uk
=005  20080617071354.0
=007  ta
=008  080610c200u9999enkuu\p\\\s\\\0\\\a0eng\\
=FMT  \\$a  SE
=015  \\$aGBA875070$2bnb
=040  \\$aUk$beng$cUk
=042  \\$aukblsr
=082  04$a332.63205$222
=110  2\$aArtemis Fund Managers (Firm)
=245  10$aFund review /$cArtemis.
=260  \\$aLondon:$bArtemis
=300  \\$av. :$bcol. ill., col. ports. ;$c30 cm.
=336  \\$atext$2rdacontent
=337  \\$aunmediated$2rdamedia
=338  \\$avolume$2rdacarrier
=500  \\$aDescription based on: Apr. 2008 issue.
=650  \0$aSecurities$vPeriodicals.
=610  20$aArtemis Fund Managers (Firm)$vPeriodicals.
=690  7\$aManagement and Business Studies$2blcoll
=852  11$aBritish Library$bSTI$cBIPC$kBIPC Trade Literature Collection$3April (2008)-(Oct. 2012)***Title now been taken electronicly
=CAT  \\$a8124$b40$c20080610$lBLL01$h1248
=CAT  \\$a12179$b40$c20080611$lBLL01$h0920
=CAT  \\$a5100$b40$c20080617$lBLL01$h0713
=CAT  \\$aWR14_140$c20140905$lBLL01$h1819
=CAT  \\$aBATCH-MBS$c20161028$lBLL01$h2114
=FIN  \\$aY$d20080610
=TCO  \\$aCLA$bCLA$c008
=LAS  \\$aBATCH-MBS$b00$c20161028$lBLL01$h2114

