=LDR  01620cas a2200457 a 4500
=001  014660759
=003  Uk
=005  20160518165840.0
=007  ta
=008  080707c20089999enkar\p\\\\\\\0\\\a0eng\\
=FMT  \\$a  SE
=040  \\$aUk$beng$cUk
=042  \\$aukblsr
=082  04$a332.632$222
=110  2\$aInvesco Income Growth Trust.
=245  10$aAnnual financial report :$byear ended 31 March ... /$cInvesco Income Growth Trust plc.
=246  13$aHalf-yearly financial report
=260  \\$a[S.l.] :$bInvesco Income Growth Trust plc
=300  \\$av. ;$c28 cm.
=310  \\$aAnnual
=336  \\$atext$2rdacontent
=337  \\$aunmediated$2rdamedia
=338  \\$avolume$2rdacarrier
=362  0\$a2008-
=650  \0$aSecurities$vPeriodicals.
=610  20$aInvesco Income Growth Trust$xFinance$vPeriodicals.
=650  \0$aInvestments$vPeriodicals.
=690  7\$aManagement and Business Studies$2blcoll
=780  00$aInvesco Income Growth Trust.$tReport and accounts
=852  11$aBritish Library$bSTI$cBIPC$kBIS$32008-2020
=CAT  \\$a5997$b40$c20080707$lBLL01$h1547
=CAT  \\$a5997$b40$c20080708$lBLL01$h0727
=CAT  \\$a5997$b40$c20080708$lBLL01$h0730
=CAT  \\$a5110$b40$c20160201$lBLL01$h0911
=CAT  \\$a8871$b40$c20160518$lBLL01$h1524
=CAT  \\$a8871$b40$c20160518$lBLL01$h1658
=CAT  \\$aBATCH-MBS$c20161028$lBLL01$h2114
=FIN  \\$aY$d20080708
=LKR  \\$aPAR$b007881015$lBLL01$nReport and accounts (Invesco Income Growth Trust)$mAnnual financial report (Invesco Income Growth Trust)$r78000
=TCO  \\$aCLA$bCLA$c008
=LAS  \\$aBATCH-MBS$b00$c20161028$lBLL01$h2114

