=LDR  01336cas a2200373 a 4500
=001  014663829
=003  Uk
=005  20080714100311.0
=007  ta
=008  080709c19uu9999enkuu\p\\\\\\\0\\\a0eng\\
=FMT  \\$a  SE
=040  \\$aUk$beng$cUk
=042  \\$aukblsr
=082  04$a332.6$222
=130  0\$aInvestor (Cirencester, England)
=245  14$aThe investor :$binvestment news for clients of St. James's Place Wealth Management /$cSt. James's Place Wealth Management.
=260  \\$aCirencester :$bSt. James's Place Wealth Management
=300  \\$av. :$bcol. ill., ports. (some col.) ;$c30 cm.
=336  \\$atext$2rdacontent
=337  \\$aunmediated$2rdamedia
=338  \\$avolume$2rdacarrier
=500  \\$aDescription based on: Spring 2008 issue.
=650  \0$aInvestments$vPeriodicals.
=650  \0$aStock exchanges$vPeriodicals.
=690  7\$aManagement and Business Studies$2blcoll
=710  2\$aSt. James's Place Wealth Management.
=852  11$aBritish Library$bSTI$cBIPC$kBIPC Trade Literature Collection$3Spring (2008)-
=CAT  \\$a8323$b40$c20080709$lBLL01$h1311
=CAT  \\$a12179$b40$c20080714$lBLL01$h1003
=CAT  \\$aBATCH-UPD$b40$c20121012$lBLL01$h0855
=CAT  \\$aBATCH-MBS$c20161028$lBLL01$h2114
=FIN  \\$aY$d20080709
=TCO  \\$aCLA$bCLA$c008
=LAS  \\$aBATCH-MBS$b00$c20161028$lBLL01$h2114

