=LDR  01841 am a2200517 a 4500
=001  014667260
=003  Uk
=005  20080718084846.0
=008  060112s2005\\\\enka\\\\\b\\\\000\1aeng\d
=FMT  \\$a  BK
=015  \\$aGBA889982$2bnb
=016  7\$a014667260$2Uk
=020  \\$a9781872621944 (set) :$c£70.00
=020  \\$a1872621945 (set) :$c£70.00
=035  \\$a(OCoLC)62881227
=040  \\$aHRH$cHRH$dYDXCP$dUk
=042  \\$aukblsr
=050  \4$aPR6045.E517$b2005
=082  04$a823.912$222
=100  1\$aWelch, Denton.
=240  10$aShort stories (Ibadan, Nigeria)
=245  10$aWhere nothing sleeps :$bthe complete short stories (and other related works) /$cDenton Welch ; edited by James Methuen-Campbell.
=260  \\$aCarlton-in-Coverdale :$bTartarus Press,$c[2005?]
=300  \\$a2 v. :$bill. ;$c24 cm.
=336  \\$atext$2rdacontent
=337  \\$aunmediated$2rdamedia
=338  \\$avolume$2rdacarrier
=500  \\$a"This first edition ... is limited to 500 copies"--T.p. verso.
=500  \\$aIn slip case.
=504  \\$aIncludes bibliographical references.
=520  \\$aCollection of seventy-six short stories and related autobiographical writings.
=700  1\$aMethuen-Campbell, James.
=852  41$aBritish Library$bHMNTS$ivol. 2
=852  41$aBritish Library$bHMNTS$ivol. 1
=CAT  \\$a8178$b40$c20080715$lBLL01$h0939
=CAT  \\$a8178$b40$c20080715$lBLL01$h0940
=CAT  \\$a8178$b40$c20080715$lBLL01$h0941
=CAT  \\$a8178$b40$c20080715$lBLL01$h1453
=CAT  \\$a8178$b40$c20080715$lBLL01$h1455
=CAT  \\$a11250$b40$c20080718$lBLL01$h0843
=CAT  \\$a11250$b40$c20080718$lBLL01$h0848
=CAT  \\$aBATCH-UPD$b40$c20110917$lBLL01$h1729
=CAT  \\$aWR16_021$c20160621$lBLL01$h1808
=FIN  \\$aY$d20080718
=SID  \\$aZ39$bOCLC
=LAS  \\$aWR16_021$b00$c20160621$lBLL01$h1808

