=LDR  01394 as a2200409 a 4500
=001  014670110
=003  Uk
=005  20130617135132.0
=007  ta
=008  080716d200u201uenkar\p\\\\\\\0\\\a0eng\\
=FMT  \\$a  SE
=015  \\$aGBA889744$2bnb
=040  \\$aUk$beng$cUk
=042  \\$aukblsr
=082  04$a658.408$222
=110  2\$aBalfour Beatty (Firm)
=245  10$aCorporate responsibility and sustainability summary report /$cBalfour Beatty.
=260  \\$aLondon :$bBalfour Beatty
=300  \\$av. :$bcol. ill. ;$c30 cm.
=310  \\$aAnnual
=336  \\$atext$2rdacontent
=337  \\$aunmediated$2rdamedia
=338  \\$avolume$2rdacarrier
=530  \\$aSummary report also issued online; full report issued online only.
=500  \\$aDescription based on: 7th (2007) issue.
=610  20$aBalfour Beatty (Firm)$vPeriodicals.
=650  \0$aSocial responsibility of business$vPeriodicals.
=787  0\$tCorporate responsibility and sustainability report
=852  11$aBritish Library$bSTI$cBIPC$kBIPC Trade Literature Collection$32007-2010
=CAT  \\$a5997$b40$c20080716$lBLL01$h0826
=CAT  \\$a5997$b40$c20080716$lBLL01$h0917
=CAT  \\$a9572$b40$c20080820$lBLL01$h1410
=CAT  \\$a7778$b40$c20130617$lBLL01$h1351
=CAT  \\$aWR14_140$c20140905$lBLL01$h1819
=FIN  \\$aY$d20080716
=TCO  \\$aCLA$bCLA$c008
=LAS  \\$aWR14_140$b00$c20140905$lBLL01$h1819

