=LDR  01571 cm a2200385 a 4500
=001  014676765
=003  Uk
=005  20080724113337.0
=008  080724t200u1971xxu||a\\\\\\\\\n\\|\zxx\\
=FMT  \\$a  MU
=024  2\$aM300720364
=028  32$a66304$bC. F. Peters
=040  \\$aUk$beng$cUk
=042  \\$aukblsr
=082  04$a785.7194$222
=100  1\$aCrumb, George.
=245  10$aBlack angels :$b(Images I) : electric string quartet /$cGeorge Crumb.
=246  30$a13 images from the dark land
=246  16$aBlack angels: thirteen images from the dark land
=246  30$aImages I
=246  30$aImages from the dark land
=260  \\$aNew York ;$aLondon :$bC.F. Peters,$c[200-?], c1971.
=300  \\$a1 score (9 p.) ;$c52 cm.
=336  \\$anotated music$2rdacontent
=337  \\$aunmediated$2rdamedia
=338  \\$avolume$2rdacarrier
=500  \\$aReproduced from holograph.
=500  \\$aDuration: ca. 24:00.
=500  \\$aContains introductory notes in English.
=505  0\$aDeparture : Threnody I : Night of the electric insects ; Sounds of bones and flutes ; Lost bells ; Devil-music ; Danse macabre -- Absence ; Pavana lachrymae ; Threnody II : Black angels! ; Sarabanda de la muerte oscura ; Lost bells -- Return : God-music ; Ancient voices ; Ancient voices (echo) ; Threnody III : Night of the electric insects ; Pavana Lachrymae - Alternative Version.
=650  \0$aString quartets$vScores.
=852  41$aBritish Library$bDSC$cMUSIC
=CAT  \\$a8870$b40$c20080724$lBLL01$h1133
=FIN  \\$aY$d20080724
=LAS  \\$a8870$b40$c20080724$lBLL01$h1133

