=LDR  01929 am a2200505 a 4500
=001  014687441
=003  Uk
=005  20090130100726.0
=008  080318r20081829miuabfg\\b\\\\000\1\eng\\
=FMT  \\$a  BK
=010  \\$a2008012183  
=020  \\$a9780820115573 (alk. paper)
=020  \\$a0820115576 (alk. paper)
=035  \\$a(OCoLC)213495336
=035  \\$a(OCoLC)ocn213495336
=040  \\$aDLC$cDLC$dC#P$dYDXCP$dBTCTA$dBAKER$dDLC$dUk
=042  \\$aukblcatcopy
=043  \\$ae-ie---
=050  00$aPR4518.C54$bL44 2008
=082  00$a823.7$222
=100  1\$aCroker, Thomas Crofton,$d1798-1854.
=245  10$aLegends of the lakes :$bor, sayings and doings at Killarney : collected chiefly from the manuscripts of R. Adolphus Lynch /$cby T. Crofton Croker ; a facsimile reproduction edited and with an introduction and notes by Neil C. Hultin and Warren U. Ober.
=260  \\$aAnn Arbor :$bScholars' Facsimiles & Reprints,$cc2008.
=300  \\$a306 p. :$bill. ;$c24 cm.
=336  \\$atext$2rdacontent
=337  \\$aunmediated$2rdamedia
=338  \\$avolume$2rdacarrier
=490  1\$aScholars' facsimiles & reprints ;$x0161-7729 ;$vv. 557
=500  \\$aOriginally published: London : J. Ebers, 1829.
=504  \\$aIncludes bibliographical references.
=650  \0$aLegends$zIreland$vFiction.
=651  \0$aIreland$xSocial life and customs$vFiction.
=651  \0$aKillarney, Lakes of (Ireland)
=700  1\$aHultin, Neil C.
=700  1\$aOber, Warren U.
=830  \0$aScholars' Facsimiles & Reprints (Series) ;$vv. 557.
=852  11$aBritish Library$bHMNTS$kWP.9530/557
=BUF  \\$aN2$d20080806
=CAT  \\$a10926$b40$c20080806$lBLL01$h1145
=CAT  \\$aBATCH-BUOC$b00$c20090115$lBLL01$h2216
=CAT  \\$aBATCH$b00$c20090130$lBLL01$h1007
=FIN  \\$aY$d20080806
=LCS  0\$aScholars' facsimiles & reprints ;$x0161-7729 ;$vv. 557
=SRC  \\$aBLL02
=LAS  \\$aBATCH$b00$c20090130$lBLL01$h1007

