=LDR  01166cas a2200361 a 4500
=001  014701314
=003  Uk
=005  20170217070534.0
=007  ta
=008  080826c200u9999enkuu\p\\\\\\\0\\\a0eng\\
=FMT  \\$a  SE
=040  \\$aUk$beng$cUk
=042  \\$aukblsr
=110  2\$aCummins Limited.
=245  10$aCummins rail news :$blatest news from Cummins.
=260  \\$aDaventry :$bCummins
=300  \\$av. :$bcol. ill., col. ports. ;$c42 cm.
=336  \\$atext$2rdacontent
=337  \\$aunmediated$2rdamedia
=338  \\$avolume$2rdacarrier
=500  \\$aDescription based on: Spring 2007 issue.
=610  20$aCummins Limited$vPeriodicals.
=650  \0$aDiesel locomotives$vPeriodicals.
=650  \0$aRailroads$vPeriodicals.
=852  11$aBritish Library$bSTI$cBIPC$kBIPC Trade Literature Collection$3Spring (2007)
=CAT  \\$a11316$b40$c20080826$lBLL01$h1125
=CAT  \\$aBATCH$b00$c20081124$lBLL01$h1136
=CAT  \\$aBATCH-UPD$b00$c20141012$lBLL01$h1148
=CAT  \\$aBATCH-UPD$b00$c20170216$lBLL01$h1645
=CAT  \\$a8871$b40$c20170217$lBLL01$h0705
=FIN  \\$aY$d20080826
=TCO  \\$aCLA$bCLA$c008
=LAS  \\$a8871$b40$c20170217$lBLL01$h0705

