=LDR  01202 as a2200385 a 4500
=001  014703332
=003  Uk
=005  20100614113302.0
=007  ta
=008  080827d200u200uenkuu\p\\\\\\\0\\\a0eng\\
=FMT  \\$a  SE
=040  \\$aUk$beng$cUk
=042  \\$aukblsr
=245  00$aHalfen connect.
=246  13$aHalfen connect newsletter
=260  \\$aDunstable :$bHalfen Ltd
=300  \\$av. :$bcol. ill. ;$c40 cm.
=336  \\$atext$2rdacontent
=337  \\$aunmediated$2rdamedia
=338  \\$avolume$2rdacarrier
=500  \\$aDescription based on: Issue no. 7.
=610  20$aHalfen-Deha$vPeriodicals.
=650  \0$aBuilding materials$vPeriodicals.
=650  \0$aFastners$vPeriodicals.
=650  \0$aConcrete$vPeriodicals.
=710  2\$aHalfen-Deha.
=852  11$aBritish Library$bSTI$cBIPC$kBIPC Trade Literature Collection$3Issue 7 [20uu], Issue 9 (2008)
=CAT  \\$a5997$b40$c20080827$lBLL01$h0844
=CAT  \\$a5997$b40$c20080827$lBLL01$h0855
=CAT  \\$a12179$b40$c20080828$lBLL01$h1504
=CAT  \\$a7792$b40$c20100614$lBLL01$h1133
=CAT  \\$aWR14_140$c20140905$lBLL01$h1820
=FIN  \\$aY$d20080827
=TCO  \\$aCLA$bCLA$c008
=LAS  \\$aWR14_140$b00$c20140905$lBLL01$h1820

