=LDR  01108 cm a2200337 a 4500
=001  014756704
=003  Uk
=005  20080918122159.0
=008  080918r20082005stk||z\\\\\\\\\n\\|\eng\\
=FMT  \\$a  MU
=020  \\$a0953826198
=040  \\$aUk$beng$cUk
=042  \\$aukblsr
=082  04$a782.742$222
=245  00$aSinging games and rhymes for middle years /$ccompiled by Lucinda Geoghegan on behalf of the National Youth Choir of Scotland.
=250  \\$aRevised reprint.
=260  \\$aGlasgow :$bNational Youth Choir of Scotland,$c2008.
=300  \\$a71 p. of music :$bill. ;$c30 cm. +$e1 compact disc.
=336  \\$anotated music$2rdacontent
=337  \\$aunmediated$2rdamedia
=338  \\$avolume$2rdacarrier
=500  \\$aOriginally published: 2005.
=650  \0$aSinging games.
=650  \0$aGames with music.
=700  1\$aGeoghegan, Lucinda.
=710  2\$aNational Youth Choir of Scotland.
=852  41$aBritish Library$bDSC$cMUSIC
=CAT  \\$a8870$b40$c20080918$lBLL01$h1212
=CAT  \\$a8870$b40$c20080918$lBLL01$h1222
=FIN  \\$aY$d20080918
=LAS  \\$a8870$b40$c20080918$lBLL01$h1222

