=LDR  02059caa a22005177a 4500
=001  014770182
=003  Uk
=005  20230302180846.0
=008  081006s2008\\\\enk\\\\\\\\\\\100\0\eng\\
=FMT  \\$a  BK
=040  \\$aUk$beng$cUk
=CNF  \\$aREPANET 2nd international conference$n(2nd :$d2008 May :$cSardinia, Italy)
=245  00$aREPANET 2nd international conference.
=260  \\$bVehicle Builders & Repairers Association,$c2008.
=300  \\$ap. 12-14.
=336  \\$atext$2rdacontent
=337  \\$aunmediated$2rdamedia
=338  \\$avolume$2rdacarrier
=591  \\$aReport.
=540  \\$aCurrent Copyright Fee: GBP25.00$c0$5Uk
=653  1\$aREPANET
=852  41$aBritish Library$bDSC$i2117.200000$pv. 89 no. 6
=945  \\$aBody -Leeds-, ISSN 0006-5501; vol 89 no 6 2008
=CAT  \\$a6019$b40$c20081006$lBLL01$h1449
=CAT  \\$aBATCH-CLA$b00$c20120928$lBLL01$h1835
=CAT  \\$aBATCH-CLA$b00$c20120930$lBLL01$h1044
=CAT  \\$aBATCH-CLA$b00$c20130508$lBLL01$h0730
=CAT  \\$aBATCH-CLA$b00$c20131202$lBLL01$h0333
=CAT  \\$aIPL-CLA$c20140101$lBLL01$h0100
=CAT  \\$aBATCH-CLA$b00$c20161221$lBLL01$h2021
=CAT  \\$aIPL-CLA$c20161230$lBLL01$h2312
=CAT  \\$aBATCH-CLA$b00$c20171221$lBLL01$h1310
=CAT  \\$aIPL-CLA$c20171231$lBLL01$h1737
=CAT  \\$aBATCH-CLA$b00$c20201203$lBLL01$h1408
=CAT  \\$aIPL-CLA$c20201231$lBLL01$h2257
=CAT  \\$aBATCH-CLA$b00$c20221206$lBLL01$h1736
=CAT  \\$aIPL-CLA$c20221231$lBLL01$h2222
=CAT  \\$aBATCH-CLA$b00$c20230302$lBLL01$h1808
=CFI  0\$aCurrent Copyright Fee: GBP25.00$c0$e09-feb-2023$fGBP25.00$g0$hC$5Uk
=FIN  \\$aY$d20081006
=TCO  \\$aCLA$bCLA$c008
=ACF  \\$aPrevious Copyright Fee: GBP12.00$c0$e01-oct-2012$fGBP12.00$g0$hC$5Uk
=ACF  \\$aPrevious Copyright Fee: GBP12.30$c0$e01-jan-2014$fGBP12.30$g0$hC$5Uk
=ACF  \\$aPrevious Copyright Fee: GBP15.00$c0$e01-jan-2017$fGBP15.00$g0$hC$5Uk
=ACF  \\$aPrevious Copyright Fee: GBP17.50$c0$e01-jan-2018$fGBP17.50$g0$hC$5Uk
=LAS  \\$aBATCH-CLA$b00$c20230302$lBLL01$h1808

