=LDR  00862 am a2200277 a 4500
=001  014784658
=003  Uk
=005  20081023150246.0
=008  081022s1847\\\\pl\\\\\\\\\\\\000\1\pol\\
=FMT  \\$a  BK
=040  \\$aUk$bpol$cUk
=042  \\$aukblsr
=100  1\$aSkotnicki, Marcelli Bogorya.
=245  10$aKarciarze /$cprzez M. Skotnickiego.
=260  \\$aWarszawa :$bNakład i druk S. Orgelbranda Księgarza i Typografa,$c1847.
=300  \\$a272, 274, 272, 233 p. ;$c16 cm.
=336  \\$atext$2rdacontent
=337  \\$aunmediated$2rdamedia
=338  \\$avolume$2rdacarrier
=500  \\$a4 vols. in 2.
=852  41$aBritish Library$bHMNTS$mRB.23.a.34884
=CAT  \\$a7983$b40$c20081022$lBLL01$h1700
=CAT  \\$a10695$b40$c20081023$lBLL01$h1431
=CAT  \\$a7983$b40$c20081023$lBLL01$h1502
=FIN  \\$aY$d20081022
=LAS  \\$a7983$b40$c20081023$lBLL01$h1502

