=LDR  01917cam a2200541 a 4500
=001  014879014
=003  Uk
=005  20090119081607.0
=008  080918m20089999ii\a\\\g\b\\\\001\0\eng\d
=FMT  \\$a  BK
=020  \\$a9781555283049 (v. 1 : U.S.)
=020  \\$a1555283047 (v. 1 : U.S.)
=020  \\$a9781555283063 (v. 2 : U.S.)
=020  \\$a1555283063 (v. 2 : U.S.)
=020  \\$a9788170194460 (v. 1 : India)
=020  \\$a8170194466 (v. 1 : India)
=020  \\$a9788170194484 (v. 2 : India)
=020  \\$a8170194482 (v. 2 : India)
=035  \\$a(OCoLC)277279405$z(OCoLC)277533299
=040  \\$aDKAGE$beng$cDKAGE$dUk
=042  \\$aukblsr
=043  \\$aa-ii---
=082  04$a633.830954$222
=245  00$aSpices /$ceditors, V.P. [i.e. V.A.] Parthasarathy, A.I. Bhat, Utpala Parthasarathy.
=246  14$aSpice crops
=260  \\$aNew Delhi, India :$bToday and Tomorrow's Printers and Publishers,$cc2008-
=300  \\$av. :$bill. (chiefly col.) ;$c25 cm.
=336  \\$atext$2rdacontent
=337  \\$aunmediated$2rdamedia
=338  \\$avolume$2rdacarrier
=490  0\$aCurrent trends in life sciences ;$vv. 27
=500  \\$aContributed articles.
=504  \\$aIncludes bibliographical references and index.
=505  1\$av. 1. Major spices -- v. 2. Tree spices / editors, V.P. [i.e. V.A.] Partharathy, Utpala Parthasarathy, A. Kumar.
=520  \\$aIn Indian context.
=650  \0$aSpice plants$zIndia.
=700  1\$aParthasarathy, V. A.
=700  1\$aBhat, A. I.
=700  1\$aParthasarathy, Utpala.
=852  11$aBritish Library$bSTI$k633.830954
=CAT  \\$a6098$b40$c20090115$lBLL01$h0911
=CAT  \\$a11250$b40$c20090116$lBLL01$h1426
=CAT  \\$a11250$b40$c20090116$lBLL01$h1432
=CAT  \\$a11244$b40$c20090119$lBLL01$h0816
=CAT  \\$aW2308-1659$c20230923$lBLL01$h1134
=FIN  \\$aY$d20090116
=SID  \\$aZ39$bOCLC
=LAS  \\$aW2308-1659$b00$c20230923$lBLL01$h1134

