=LDR  02197 cm a2200529 a 4500
=001  014886356
=003  Uk
=005  20170601212304.0
=008  081216s2008\\\\enkppz\\\\\\\\\n\\\\zxx\d
=FMT  \\$a  MU
=020  \\$a9781847728951
=035  \\$a(UkOxU)014886356
=040  \\$aUkOxU$beng$cUkOxU
=110  2\$aABBA (Musical group)
=240  10$aSongs.$kSelections;$oarranged
=245  10$aGold :$bgreatest hits /$cAbba.
=250  \\$aPiano solo ed.
=260  \\$aLondon :$bWise,$cc2008.
=300  \\$a80 p. of music :$bports. ;$c31 cm.
=336  \\$anotated music$2rdacontent
=337  \\$aunmediated$2rdamedia
=338  \\$avolume$2rdacarrier
=500  \\$a19 songs from Abba's 1993 album "Gold", arranged for piano.
=500  \\$aNo words.
=500  \\$aSongs mostly by Benny Andersson and Bjorn Ulvaeus; piano arrangements by Paul Honey.
=505  0\$aDancing Queen -- Knowing me, knowing you -- Take a chance on me -- Mamma Mia -- Lay all your love on me -- Super Trouper -- I have a dream -- The winner takes it all -- Money, money, money -- S.O.S. -- Chiquitita -- Fernando -- Voulez vous -- Gimme! Gimme! Gimme! (A man after midnight) -- Does your mother know -- One of us -- The name of the game -- Thank you for the music -- Waterloo.
=650  \0$aPopular instrumental music$y1971-1980.
=650  \0$aPiano music, Arranged.
=700  1\$aAndersson, Benny.
=700  1\$aUlvaeus, Björn.
=700  1\$aHoney, Paul.
=852  \\$aBritish Library$bMUSIC$hg.652.tt.(5.)
=BUF  \\$aNM$d20090421
=CAT  \\$aBATCH-ALDL$b00$c20090123$lBLL01$h0817
=CAT  \\$a12327$b40$c20090421$lBLL01$h1516
=CAT  \\$a12327$b40$c20090421$lBLL01$h1517
=CAT  \\$a13932$b40$c20130617$lBLL01$h1604
=CAT  \\$a13932$b40$c20130617$lBLL01$h1610
=CAT  \\$a13932$b40$c20130617$lBLL01$h1612
=CAT  \\$a13932$b40$c20130617$lBLL01$h1613
=CAT  \\$aWR16_021$c20160623$lBLL01$h1813
=CAT  \\$aBATCH-016$c20160905$lBLL01$h1716
=CAT  \\$aBATCH-BUOC$b00$c20170601$lBLL01$h2122
=CAT  \\$aBATCH-UPD$b00$c20170602$lBLL01$h0031
=CAT  \\$aBATCH-ROF$b00$c20170603$lBLL01$h1750
=SID  \\$aZ39$bOXFORD
=LAS  \\$aBATCH-ROF$b00$c20170603$lBLL01$h1750

