=LDR  01901 am a2200409 a 4500
=001  014898726
=003  Uk
=005  20090611125009.0
=008  090209s2009\\\\gw\a\\\\\b\\\\000\0\ger\\
=FMT  \\$a  BK
=020  \\$a9783940276155 (pbk.)
=040  \\$aUk$beng$cUk
=041  0\$ager$aeng
=042  \\$aukblsr
=082  04$a669.52$222
=245  00$a2. Seminar Vernetzung von Zink und Stahl :$bVorträge beim 2. Seminar zur Vernetzung von Zink und Stahl, einer gemeinsamen Tagung der Montanuniversität Leoben, Nichteisenmetallugie, und der GDMB Gesellschaft für Bergbau, Metallugie, Rohstoff- und Umwelttechnik e.V. vom 21.10. [i.e. 21.01.] bis 23.01.2009 in Leoben, Österreich /$c[Redaktion, Andrea Welsch ; Herausgeber, GDMB Gesellschaft für Bergbau, Metallugie, Rohstoff- und Umwelttechnik e.V.].
=260  \\$aClausthal-Zellerfeld :$bGDBM Medienverlag,$cc2009.
=300  \\$a206 p. :$bill. ;$c21 cm.
=336  \\$atext$2rdacontent
=337  \\$aunmediated$2rdamedia
=338  \\$avolume$2rdacarrier
=490  0\$aSchriftenreihe der GDMB Gesellschaft für Bergbau, Metallurgie, Rohstoff- und Umwelttechnik,$x0720-1877 ;$vHeft 118
=546  \\$aOne paper in English.
=504  \\$aIncludes bibliographical references.
=650  \0$aZinc$xRecycling$vCongresses.
=650  \0$aDust$xRecycling$vCongresses.
=650  \0$aSteel, Galvanized$vCongresses.
=650  \0$aSteel-works$xWaste disposal$vCongresses.
=650  \0$aElectric furnaces$xWaste disposal$vCongresses.
=700  1\$aWelsch, Andrea.
=710  2\$aGDMB Gesellschaft für Bergbau, Metallurgie, Rohstoff- und Umwelttechnik.
=852  71$aBritish Library$bHMNTS$k(P)$hN 00$m-G(2)$i118$2blsrissc
=CAT  \\$a6098$b40$c20090209$lBLL01$h1414
=CAT  \\$a12181$b40$c20090611$lBLL01$h1250
=CAT  \\$aBATCH-UPD$b40$c20120330$lBLL01$h2027
=FIN  \\$aY$d20090611
=LAS  \\$aBATCH-UPD$b40$c20120330$lBLL01$h2027

