=LDR  01662 as a2200421 a 4500
=001  014899642
=003  Uk
=005  20090210130218.0
=007  ta
=008  090210c20059999gw\ar\\\\\s\\o0\\\b0ger\\
=FMT  \\$a  SE
=022  \\$y1616-1874
=040  \\$aUk$beng$cUk
=042  \\$aukblsr
=110  10$aGermany.$bBundesregierung.
=240  10$aJahresbericht der Bundesregierung (2006)
=245  10$aJahresbericht der Bundesregierung ...
=260  \\$aBerlin :$bPresse- und Informationsamt der Bundesregierung,$c[2006-
=300  \\$av. :$bcol. ill., col. maps, col. ports. ;$c30 cm.
=310  \\$aAnnual
=336  \\$atext$2rdacontent
=337  \\$aunmediated$2rdamedia
=338  \\$avolume$2rdacarrier
=362  1\$aBegan with 2005/2006 issue.
=500  \\$aHerausgeber: Presse- und Informationsamt der Bundesregierung.
=500  \\$aLatest issue consulted: 2007/2008.
=610  10$aGermany.$bBundesregierung$vPeriodicals.
=651  \0$aGermany$xPolitics and government$vPeriodicals.
=650  \0$aExecutive departments$zGermany$vPeriodicals.
=710  1\$aGermany.$bPresse- und Informationsamt.
=780  00$aGermany. Bundesregierung.$tGeschäftsbericht der Bundesregierung$x1616-1874
=852  11$aBritish Library$bHMNTS$kOPL$h943.0025$32005/2006-2011/2012
=CAT  \\$a8871$b40$c20090210$lBLL01$h1302
=CAT  \\$aBATCH-UPD$b40$c20141012$lBLL01$h1209
=FIN  \\$aY$d20090210
=LKR  \\$aPAR$b008880447$lBLL01$nGeschäftsbericht der Bundesregierung (Germany. Bundesregierung)$mJahresbericht der Bundesregierung (Germany. Bundesregierung : 2006)$r78000
=TCO  \\$aDEU$bVG WORT$c008
=LAS  \\$aBATCH-UPD$b40$c20141012$lBLL01$h1209

