=LDR  01098cam a2200337 a 4500
=001  014919889
=003  Uk
=005  20090409083455.0
=008  080131s2008\\\\scu\\\\\\\\\\\000\0\eng\d
=FMT  \\$a  BK
=020  \\$a9781426442810 (v. 1 : pbk.)
=020  \\$a1426442815 (v. 1 : pbk.)
=035  \\$a(OCoLC)191736679
=040  \\$aCSPAL$cCSPAL$dCSPAL$dOCLCG$dYDXCP$dUk
=042  \\$aukblsr
=100  1\$aRoget, Peter Mark,$d1779-1869.
=245  10$aRoget's Thesaurus of English words and phrases /$cPeter Mark Roget.
=246  30$aThesaurus of English words and phrases
=260  \\$aCharleston, S.C. :$bBiblioBazaar,$cc2008-
=300  \\$av. ;$c21 cm.
=336  \\$atext$2rdacontent
=337  \\$aunmediated$2rdamedia
=338  \\$avolume$2rdacarrier
=650  \0$aEnglish language$xSynonyms and antonyms.
=852  41$aBritish Library$bHMNTS$cSPHOA
=CAT  \\$a11375$b40$c20090303$lBLL01$h0948
=CAT  \\$a11250$b40$c20090409$lBLL01$h0834
=CAT  \\$aW2308-1659$c20230923$lBLL01$h1136
=FIN  \\$aY$d20090409
=SID  \\$aZ39$bOCLC
=LAS  \\$aW2308-1659$b00$c20230923$lBLL01$h1136

