=LDR  01176 am a2200313 a 4500
=001  014924869
=003  Uk
=005  20090409180125.0
=008  090309s1927\\\\ii\\\\\\\\\\\\000\p\tamr\
=FMT  \\$a  BK
=040  \\$aUk$beng$cUk
=042  \\$aukblsr
=100  1\$aNamacivāyam Piḷḷai, Mā.
=245  10$aTiruvor̲r̲iyūr Tiyākēcar pañca rattin̲am /$cMā. Namacivāyam Piḷḷai.
=246  30$aTiyākēcar pañca rattin̲am
=260  \\$aCen̲n̲ai :$bMā. Ka. Cōmacuntaram Piḷḷai,$cPirapava, Āvaṇi [i.e. 1927]
=300  \\$a16 p. ;$c18 cm.
=336  \\$atext$2rdacontent
=337  \\$aunmediated$2rdamedia
=338  \\$avolume$2rdacarrier
=505  0\$aIncludes: Tiruvor̲r̲iyūr Vaṭivāmpikai patikam
=500  \\$aPoems on Śiva and Pārvatī worshipped as Tyāgarājā and Vaṭivāmpikai in Tiruvor̲r̲iyūr, Chennai.
=650  \0$aDevotional poetry, Tamil.
=852  41$aBritish Library$bOC$ppTam.B.5220
=CAT  \\$a8803$b40$c20090309$lBLL01$h1507
=CAT  \\$a4039$b40$c20090409$lBLL01$h1801
=CAT  \\$aBATCH-UPD$b40$c20090412$lBLL01$h1849
=FIN  \\$aY$d20090309
=LAS  \\$aBATCH-UPD$b40$c20090412$lBLL01$h1849

