=LDR  01441 as a2200409 a 4500
=001  014938806
=003  Uk
=005  20180110143855.0
=007  ta
=008  090325c20089999enkuu\p\\\\\\\0\\\a0eng\\
=FMT  \\$a  SE
=040  \\$aUk$beng$cUk
=042  \\$aukblsr
=082  04$a338.76413374$222
=110  2\$aCadbury (Firm)
=245  10$aPurple B&I.
=246  3\$aPurple Britain and Ireland
=260  \\$a[Great Britain] :$b[Cadbury],$c2008-
=300  \\$av. :$bcol. ill., col. ports. ;$c30 cm.
=336  \\$atext$2rdacontent
=337  \\$aunmediated$2rdamedia
=338  \\$avolume$2rdacarrier
=362  0\$aIssue 18 (Dec. 2008)-
=610  20$aCadbury (Firm)$vPeriodicals.
=690  7\$aManagement and Business Studies$2blcoll
=780  00$aCadbury (Firm).$tPurple UK
=852  11$aBritish Library$bSTI$cBIPC$kBIPC Trade Literature Collection$3Issue 18 (Dec. 2008)-issue 19 (2009)
=985  \\$aStaff magazine for employees who work in the "B&I [Britain & Ireland] business units" - info gleaned from website. ED 25.3.09
=CAT  \\$a8483$b40$c20090325$lBLL01$h1011
=CAT  \\$a8483$b40$c20090325$lBLL01$h1012
=CAT  \\$a8483$b40$c20090325$lBLL01$h1013
=CAT  \\$a8871$b40$c20180110$lBLL01$h1438
=CAT  \\$aBATCH-MBS$c20180119$lBLL01$h2110
=FIN  \\$aY$d20090325
=LKR  \\$aPAR$b014748631$lBLL01$r78000$mPurple B&I.$nPurple UK.
=TCO  \\$aCLA$bCLA$c008
=LAS  \\$aBATCH-MBS$b00$c20180119$lBLL01$h2110

