=LDR  01258 cm a22003493  4500
=001  014957522
=003  Uk
=005  20090618172455.0
=008  071121r19791974gw\||||\\\\\\\\||\||und\\
=FMT  \\$a  MU
=019  m\$aM09180582
=028  32$aBA4774
=040  \\$aUk$beng$cUk
=082  14$a780$215
=100  1\$aMozart, Wolfgang Amadeus,$d1756-1791.
=240  10$aSonatas,$mviolin, piano.$kSelections
=245  10$aSonaten fur Klavier und Violine :$bSonaten Mannheim. Paris. Salzburg KV 301-306, 296, 378 /$cHerausgegeben von Eduard Reeser.
=260  \\$aKassel :$bBärenreiter,$c1979 (c.1974)
=300  \\$aScore [106 pp.] & Pt.
=336  \\$anotated music$2rdacontent
=337  \\$aunmediated$2rdamedia
=338  \\$avolume$2rdacarrier
=590  \\$aNB. earlier Sonatas pub. sep. in 3 vols., q.v. K. 6-9, 10-15, 26-31 (BA4755-4757 - see in indiv. sequence).
=700  1\$aReeser, Eduard,$d1908-2002.
=852  41$aBritish Library$bDSC$cMUSIC
=CAT  \\$aBATCH-UCMN$b00$c20090327$lBLL01$h1858
=CAT  \\$aBATCH$b00$c20090329$lBLL01$h0947
=CAT  \\$a12418$b40$c20090618$lBLL01$h1724
=CAT  \\$aWR15_100$c20150915$lBLL01$h0353
=FIN  \\$aY$d20090327
=SRC  \\$aDSC Music (UCM)$b20090327
=LAS  \\$aWR15_100$b00$c20150915$lBLL01$h0353

