=LDR  01241ccm a22003613  4500
=001  014966097
=003  Uk
=005  20230914103703.0
=008  071020suuuu\\\\|||||||\\\\\\\\||\||und\\
=FMT  \\$a  MU
=019  m\$aM08131011
=028  32$aH&R4732
=040  \\$aUk$beng$cUk
=082  14$a780$215
=100  1\$aBeethoven, Ludwig van,$d1770-1827.
=240  10$aSerenades,$mviolin, viola, cello,$nop. 8,$rD major.$kSelections;$oarranged
=245  10$aPolonaise du Trio, Op.8 /$cTranscriptions pour piano par C. Delioux, No.5.
=260  \\$a[S.l.] :$bHutchings & Romer,$c[n.d.]
=336  \\$anotated music$2rdacontent
=337  \\$aunmediated$2rdamedia
=338  \\$avolume$2rdacarrier
=700  1\$aDelioux, Ch.$q(Charles),$d1825-1915.
=852  41$aBritish Library$bDSC$cMUSIC
=CAT  \\$aBATCH-UCMN$b00$c20090327$lBLL01$h1901
=CAT  \\$aBATCH$b00$c20090329$lBLL01$h0955
=CAT  \\$aBATCH-UPD$b00$c20090420$lBLL01$h1447
=CAT  \\$a11814$b40$c20120721$lBLL01$h1444
=CAT  \\$aWR15_100$c20150916$lBLL01$h0141
=CAT  \\$aMFISHER$b40$c20220526$lBLL01$h1132
=CAT  \\$aMFISHER$b40$c20230914$lBLL01$h1037
=FIN  \\$aY$d20090327
=SRC  \\$aDSC Music (UCM)$b20090327
=LAS  \\$aMFISHER$b40$c20230914$lBLL01$h1037

