=LDR  00965ccm a22003253  4500
=001  014966482
=003  Uk
=005  20221207173947.0
=008  071021suuuu\\\\|||||||\\\\\\\\||\||und\\
=FMT  \\$a  MU
=019  m\$aM08140668
=028  32$aG.H.780
=040  \\$aUk$beng$cUk
=082  14$a780$215
=100  1\$aBehr, Franz,$d1837-1898.
=240  10$aGitana
=245  10$aGitana :$bSpanisches Liedchen fuer Pianoforte.
=260  \\$aLeipzig :$bHug,$c[n.d.]
=336  \\$anotated music$2rdacontent
=337  \\$aunmediated$2rdamedia
=338  \\$avolume$2rdacarrier
=852  \1$aBritish Library$bDSC$cMUSIC
=CAT  \\$aBATCH-UCMN$b00$c20090327$lBLL01$h1901
=CAT  \\$aBATCH$b00$c20090329$lBLL01$h0955
=CAT  \\$a12179$b40$c20100225$lBLL01$h1133
=CAT  \\$aWR15_100$c20150916$lBLL01$h0141
=CAT  \\$aMFISHER$b40$c20221207$lBLL01$h1739
=FIN  \\$aY$d20090327
=SRC  \\$aDSC Music (UCM)$b20090327
=LAS  \\$aMFISHER$b40$c20221207$lBLL01$h1739

