=LDR  01137ccm a22003613  4500
=001  014991529
=003  Uk
=005  20230609160216.0
=008  071108r19641936|||||||\\\\\\\\||\||und\\
=FMT  \\$a  MU
=019  m\$aM08510996
=028  32$aEE752
=028  32$aMPB326
=040  \\$aUk$beng$cUk
=082  14$a780$215
=100  1\$aGlazunov, Aleksandr Konstantinovich,$d1865-1936.
=240  10$aConcertos,$mviolin, orchestra,$nop. 82,$rA minor
=245  10$aViolin concerto, A minor, Op.82.
=260  \\$a[S.l.] :$bEulenburg (Belaieff),$cc.1964 (1936)
=300  \\$aMin. score.
=336  \\$anotated music$2rdacontent
=337  \\$aunmediated$2rdamedia
=338  \\$avolume$2rdacarrier
=852  41$aBritish Library$bDSC$cMUSIC
=CAT  \\$aBATCH-UCMN$b00$c20090327$lBLL01$h1910
=CAT  \\$aBATCH$b00$c20090329$lBLL01$h1016
=CAT  \\$a7416$b40$c20091022$lBLL01$h1143
=CAT  \\$a11814$b40$c20100628$lBLL01$h1645
=CAT  \\$aWR15_100$c20150916$lBLL01$h2156
=CAT  \\$aMFISHER$b40$c20230609$lBLL01$h1602
=FIN  \\$aY$d20090327
=SRC  \\$aDSC Music (UCM)$b20090327
=LAS  \\$aMFISHER$b40$c20230609$lBLL01$h1602

