=LDR  01072ccm a22003373  4500
=001  014992370
=003  Uk
=005  20230629121700.0
=008  071111suuuu\\\\|||||||\\\\\\\\||\||und\\
=FMT  \\$a  MU
=019  m\$aM08521067
=028  32$aJND42
=040  \\$aUk$beng$cUk
=082  14$a780$215
=100  1\$aGoldmark, Carl,$d1830-1915.
=240  10$aSakuntala;$oarranged
=245  10$aOuverture zu Sakuntala, für Orchester, Op.13. Pour pianoforte 4ms.
=260  \\$a[S.l.] :$bRozsavölgyi,$c[n.d.]
=336  \\$anotated music$2rdacontent
=337  \\$aunmediated$2rdamedia
=338  \\$avolume$2rdacarrier
=490  0\$aOuvertures pour le piano ... a 4 mains ;$v32
=852  41$aBritish Library$bDSC$cMUSIC
=CAT  \\$aBATCH-UCMN$b00$c20090327$lBLL01$h1910
=CAT  \\$aBATCH$b00$c20090329$lBLL01$h1017
=CAT  \\$a11814$b40$c20120901$lBLL01$h1236
=CAT  \\$aWR15_100$c20150916$lBLL01$h2156
=CAT  \\$aMFISHER$b40$c20230629$lBLL01$h1217
=FIN  \\$aY$d20090327
=SRC  \\$aDSC Music (UCM)$b20090327
=LAS  \\$aMFISHER$b40$c20230629$lBLL01$h1217

