=LDR  00976 cm a22003253  4500
=001  014992780
=003  Uk
=005  20150916215600.0
=008  071113suuuu\\\\|||||||\\\\\\\\||\||und\\
=FMT  \\$a  MU
=019  m\$aM08530552
=040  \\$aUk$beng$cUk
=082  14$a780$215
=100  1\$aGounod, Charles,$d1818-1893.
=245  10$aFaust :$blyric drama in 5 acts.
=260  \\$a[S.l.] :$bKalmus,$c[n.d.]
=300  \\$aFull score.
=336  \\$anotated music$2rdacontent
=337  \\$aunmediated$2rdamedia
=338  \\$avolume$2rdacarrier
=546  \\$aText in French & English.
=852  41$aBritish Library$bDSC$cMUSIC
=CAT  \\$aBATCH-UCMN$b00$c20090327$lBLL01$h1911
=CAT  \\$aBATCH$b00$c20090329$lBLL01$h1017
=CAT  \\$a7416$b40$c20091022$lBLL01$h1159
=CAT  \\$a7416$b40$c20091022$lBLL01$h1206
=CAT  \\$aWR15_100$c20150916$lBLL01$h2156
=FIN  \\$aY$d20090327
=SRC  \\$aDSC Music (UCM)$b20090327
=LAS  \\$aWR15_100$b00$c20150916$lBLL01$h2156

