=LDR  01011 cm a22003253  4500
=001  014992856
=003  Uk
=005  20150916215600.0
=008  071113s1970\\\\|||||||\\\\\\\\||\||und\\
=FMT  \\$a  MU
=019  m\$aM08530701
=028  22$a3092
=040  \\$aUk$beng$cUk
=082  14$a780$215
=100  1\$aGounod, Charles,$d1818-1893.
=245  10$aPetite Symphonie, in B♭ major, for flute, 2 oboes, 2 clarinet, 2 bassoons & 2 horns.
=260  \\$a[S.l.] :$bI.M.C.,$cc.1970.
=300  \\$aMin. Score.
=336  \\$anotated music$2rdacontent
=337  \\$aunmediated$2rdamedia
=338  \\$avolume$2rdacarrier
=852  41$aBritish Library$bDSC$cMUSIC
=CAT  \\$aBATCH-UCMN$b00$c20090327$lBLL01$h1911
=CAT  \\$aBATCH$b00$c20090329$lBLL01$h1018
=CAT  \\$a7416$b40$c20091022$lBLL01$h1158
=CAT  \\$a7416$b40$c20091022$lBLL01$h1206
=CAT  \\$aWR15_100$c20150916$lBLL01$h2156
=FIN  \\$aY$d20090327
=SRC  \\$aDSC Music (UCM)$b20090327
=LAS  \\$aWR15_100$b00$c20150916$lBLL01$h2156

