=LDR  01132 cm a22003613  4500
=001  015000412
=003  Uk
=005  20150917214000.0
=008  071119s1963\\\\|||||||\\\\\\\\||\||und\\
=FMT  \\$a  MU
=019  m\$aM08630935
=028  32$aRMS1148
=040  \\$aUk$beng$cUk
=082  14$a780$215
=100  1\$aHolborne, Anthony,$d-1602.
=245  10$a2 Pavans & 2 Galliards, for 5 recorders (descant, 2 trebles, tenor, bass) /$cEd. E. Hunt.
=260  \\$a[S.l.] :$bSchott,$cc.1963.
=300  \\$aFull Score.
=336  \\$anotated music$2rdacontent
=337  \\$aunmediated$2rdamedia
=338  \\$avolume$2rdacarrier
=490  0\$aRecorder Bibliothek ;$v26
=700  1\$aHunt, E.
=852  41$aBritish Library$bDSC$cMUSIC
=985  \\$aRecord amended for WR# 13/070
=CAT  \\$aBATCH-UCMN$b00$c20090327$lBLL01$h1913
=CAT  \\$aBATCH$b00$c20090329$lBLL01$h1024
=CAT  \\$a7416$b40$c20120425$lBLL01$h1327
=CAT  \\$aWR13_070$b00$c20130504$lBLL01$h0312
=CAT  \\$aWR15_100$c20150917$lBLL01$h2140
=FIN  \\$aY$d20090327
=SRC  \\$aDSC Music (UCM)$b20090327
=LAS  \\$aWR15_100$b00$c20150917$lBLL01$h2140

