=LDR  01109 cm a22003613  4500
=001  015003561
=003  Uk
=005  20150917214100.0
=008  071118s1959\\\\|||||||\\\\\\\\||\||und\\
=FMT  \\$a  MU
=019  m\$aM08670800
=040  \\$aUk$beng$cUk
=082  14$a780$215
=100  1\$aJanequin, Clément,$dapproximately 1495-approximately 1560.
=240  10$aChansons, Selections
=245  10$aZehn Chansons zu 4 Stimmen /$ced. A. Seay.
=260  \\$a[S.l.] :$bMoeseler,$cc.1959.
=300  \\$aScore.
=336  \\$anotated music$2rdacontent
=337  \\$aunmediated$2rdamedia
=338  \\$avolume$2rdacarrier
=490  0\$aDas Chorwerk ;$v73
=546  \\$aText in French & German.
=700  1\$aSeay, A.
=852  41$aBritish Library$bDSC$cMUSIC
=852  41$aBritish Library$bDSC$cMUSIC
=CAT  \\$aBATCH-UCMN$b00$c20090327$lBLL01$h1914
=CAT  \\$aBATCH$b00$c20090329$lBLL01$h1027
=CAT  \\$a8870$b40$c20150507$lBLL01$h1656
=CAT  \\$aWR15_100$c20150917$lBLL01$h2141
=FIN  \\$aY$d20090327
=SRC  \\$aDSC Music (UCM)$b20090327
=LAS  \\$aWR15_100$b00$c20150917$lBLL01$h2141

