=LDR  01094 cm a22003373  4500
=001  015006441
=003  Uk
=005  20150917214200.0
=008  071112r19551925|||||||\\\\\\\\||\||und\\
=FMT  \\$a  MU
=019  m\$aM08710842
=028  32$aUE8463
=040  \\$aUk$beng$cUk
=082  14$a780$215
=100  1\$aKodály, Zoltán,$d1882-1967.
=245  10$aPsalmus Hungaricus...a Hungarian paraphase of the 55th Psalm, Op.13 for mixed chorus and tenor solo.
=260  \\$a[S.l.] :$bUniversal,$cc.1955 (1925)
=300  \\$aVocal Score.
=336  \\$anotated music$2rdacontent
=337  \\$aunmediated$2rdamedia
=338  \\$avolume$2rdacarrier
=546  \\$aGerman & English text (E. Dent).
=852  41$aBritish Library$bDSC$cMUSIC
=CAT  \\$aBATCH-UCMN$b00$c20090327$lBLL01$h1915
=CAT  \\$aBATCH$b00$c20090329$lBLL01$h1029
=CAT  \\$a9477$b40$c20091209$lBLL01$h1200
=CAT  \\$aBATCH-UPD$b40$c20091209$lBLL01$h1201
=CAT  \\$aWR15_100$c20150917$lBLL01$h2142
=FIN  \\$aY$d20090327
=SRC  \\$aDSC Music (UCM)$b20090327
=LAS  \\$aWR15_100$b00$c20150917$lBLL01$h2142

