=LDR  01073 cm a22003373  4500
=001  015014197
=003  Uk
=005  20161123142900.0
=008  071118suuuu\\\\|||||||\\\\\\\\||\||und\\
=FMT  \\$a  MU
=019  m\$aM09100495
=028  32$aEA&Co.620
=040  \\$aUk$beng$cUk
=082  14$a780$215
=100  1\$aMascagni, Pietro,$d1863-1945.
=240  10$aCavalleria rusticana.$pIntermezzo;$oarranged
=245  10$aInteremezzo from Cavalleria Rusticana. No.53 /$carr. for organ, by H. Robinson.
=260  \\$a[S.l.] :$bAscherberg,$c[n.d.]
=336  \\$anotated music$2rdacontent
=337  \\$aunmediated$2rdamedia
=338  \\$avolume$2rdacarrier
=700  1\$aRobinson, H.
=852  41$aBritish Library$bDSC$cMUSIC
=CAT  \\$aBATCH-UCMN$b00$c20090327$lBLL01$h1918
=CAT  \\$aBATCH$b00$c20090329$lBLL01$h1036
=CAT  \\$a7416$b40$c20120203$lBLL01$h1137
=CAT  \\$aWR15_100$c20150917$lBLL01$h2144
=CAT  \\$a11814$b40$c20161123$lBLL01$h1429
=FIN  \\$aY$d20090327
=SRC  \\$aDSC Music (UCM)$b20090327
=LAS  \\$a11814$b40$c20161123$lBLL01$h1429

