=LDR  01206 cm a22003733  4500
=001  015019527
=003  Uk
=005  20170328144400.0
=008  071121suuuu\\\\|||||||\\\\\\\\||\||und\\
=FMT  \\$a  MU
=019  m\$aM09180660
=028  32$aZM1960
=040  \\$aUk$beng$cUk
=082  14$a780$215
=100  1\$aMozart, Wolfgang Amadeus,$d1756-1791.
=240  10$aSpiegelkanons, K.Anh.284dd (Anh.C.10.16), Selections Arr. 2 Guitars
=245  10$a3 Scherzduette, for 2 guitars /$ced. S. Behrend.
=260  \\$a[S.l.] :$bZimmermann,$c[n.d.]
=300  \\$a4 pts/sheets.
=336  \\$anotated music$2rdacontent
=337  \\$aunmediated$2rdamedia
=338  \\$asheet$2rdacarrier
=490  0\$aGitarremusik für die Jugend ;$v1
=505  0\$aMvts. 1, 3 & 4.
=700  1\$aBehrend, Siegfried,$d1933-1990.
=852  41$aBritish Library$bDSC$cMUSIC
=CAT  \\$aBATCH-UCMN$b00$c20090327$lBLL01$h1920
=CAT  \\$aBATCH$b00$c20090329$lBLL01$h1041
=CAT  \\$aBATCH-UPD$b00$c20090714$lBLL01$h1615
=CAT  \\$aWR15_100$c20150918$lBLL01$h2330
=CAT  \\$a11814$b40$c20170328$lBLL01$h1444
=FIN  \\$aY$d20090327
=SRC  \\$aDSC Music (UCM)$b20090327
=LAS  \\$a11814$b40$c20170328$lBLL01$h1444

