=LDR  01162 cm a22003493  4500
=001  015039374
=003  Uk
=005  20150918233600.0
=008  080003s1912\\\\|||||||\\\\\\\\||\||und\\
=FMT  \\$a  MU
=019  m\$aM09460926
=028  32$aEB3750
=040  \\$aUk$beng$cUk
=082  14$a780$215
=100  1\$aSibelius, Jean,$d1865-1957.
=240  10$a5 Songs, Op.37, No.5, The Tryst. Arr.
=245  10$aMädchen kam vom Stelldichein, Op.37, No.5 /$cTranscr. for piano solo by S. Palmgren.
=260  \\$a[S.l.] :$bBreitkopf & Härtel,$cc.1912.
=336  \\$anotated music$2rdacontent
=337  \\$aunmediated$2rdamedia
=338  \\$avolume$2rdacarrier
=546  \\$aPiano score with text (in German & Norwegian.).
=700  1\$aPalmgren, Selim,$d1878-1951.
=852  41$aBritish Library$bDSC$cMUSIC
=CAT  \\$aBATCH-UCMN$b00$c20090327$lBLL01$h1929
=CAT  \\$aBATCH$b00$c20090329$lBLL01$h1057
=CAT  \\$a7416$b40$c20091022$lBLL01$h1504
=CAT  \\$a11814$b40$c20110601$lBLL01$h1148
=CAT  \\$aWR15_100$c20150918$lBLL01$h2336
=FIN  \\$aY$d20090327
=SRC  \\$aDSC Music (UCM)$b20090327
=LAS  \\$aWR15_100$b00$c20150918$lBLL01$h2336

