=LDR  01078 cm a22003373  4500
=001  015045559
=003  Uk
=005  20150918233800.0
=008  080005s1971\\\\gw\||||\\\\\\\\||\||und\\
=FMT  \\$a  MU
=019  m\$aM09550527
=040  \\$aUk$beng$cUk
=082  14$a780$215
=100  1\$aTelemann, Georg Philipp,$d1681-1767.
=240  10$aOrgan music
=245  10$aOrgelwerke. Band 1. Choralvorspiele /$cherausgegeben von Traugott Fedtke.
=260  \\$aKassel :$bBärenreiter,$c1971.
=336  \\$anotated music$2rdacontent
=337  \\$aunmediated$2rdamedia
=338  \\$avolume$2rdacarrier
=700  1\$aFedtke, Traugott.
=852  41$aBritish Library$bDSC$cMUSIC
=CAT  \\$aBATCH-UCMN$b00$c20090327$lBLL01$h1931
=CAT  \\$aBATCH$b00$c20090329$lBLL01$h1102
=CAT  \\$a9081$b40$c20090715$lBLL01$h1438
=CAT  \\$a11814$b40$c20100527$lBLL01$h1452
=CAT  \\$aBATCH-UPD$b40$c20150710$lBLL01$h2114
=CAT  \\$aWR15_100$c20150918$lBLL01$h2338
=FIN  \\$aY$d20090327
=SRC  \\$aDSC Music (UCM)$b20090327
=LAS  \\$aWR15_100$b00$c20150918$lBLL01$h2338

