=LDR  01021 cm a22003253  4500
=001  015046744
=003  Uk
=005  20150918233800.0
=008  071131suuuu\\\\|||||||\\\\\\\\||\||und\\
=FMT  \\$a  MU
=019  m\$aM09561116
=028  32$aD.S.4088
=040  \\$aUk$beng$cUk
=082  14$a780$215
=100  1\$aThomé, Francis,$d1850-1909.
=240  10$aSimple Aveu, Piano, Op.25, Arr. Organ
=245  10$aSimple Aveu :$bRomance sans paroles, Op.25 /$cTranscr. pour Grand Orgue par A. Durand.
=260  \\$a[S.l.] :$bDurand,$c[n.d.]
=336  \\$anotated music$2rdacontent
=337  \\$aunmediated$2rdamedia
=338  \\$avolume$2rdacarrier
=700  1\$aDurand, A.
=852  41$aBritish Library$bDSC$cMUSIC
=CAT  \\$aBATCH-UCMN$b00$c20090327$lBLL01$h1931
=CAT  \\$aBATCH$b00$c20090329$lBLL01$h1103
=CAT  \\$a11814$b40$c20100729$lBLL01$h1256
=CAT  \\$aWR15_100$c20150918$lBLL01$h2338
=FIN  \\$aY$d20090327
=SRC  \\$aDSC Music (UCM)$b20090327
=LAS  \\$aWR15_100$b00$c20150918$lBLL01$h2338

