=LDR  01460 am a2200397 a 4500
=001  015174446
=003  Uk
=005  20090611161901.0
=008  090505s2009\\\\gw\a\\\\\b\\\\000\0\ger\\
=FMT  \\$a  BK
=020  \\$a9783183385218 (pbk.)
=040  \\$aUk$beng$cUk
=042  \\$aukblsr
=082  04$a621.3192$222
=100  1\$aVölker, Thorsten.
=245  10$aRegelung unsymmetrisch belasteter Inselnetze durch unabhängige Wechselrichter im Parallelbetrieb /$cThorsten Völker.
=260  \\$aDüsseldorf :$bVDI Verlag,$cc2009.
=300  \\$aviii, 129 p. :$bill. ;$c21 cm.
=336  \\$atext$2rdacontent
=337  \\$aunmediated$2rdamedia
=338  \\$avolume$2rdacarrier
=490  0\$aFortschritt-Berichte VDI. Reihe 21, Elektrotechnik,$x0178-9481 ;$vNr. 385
=500  \\$aOriginally presented as the author's thesis--Universität Bremen, 2009.
=504  \\$aIncludes bibliographical references.
=650  \0$aIsland networks (Electricity)
=650  \0$aElectrification.
=650  \0$aRenewable energy sources.
=710  2\$aVerein Deutscher Ingenieure.
=852  71$aBritish Library$bHMNTS$k(P)$hRK 00$m-G(18)$iNr. 385$2blsrissc
=CAT  \\$a6098$b40$c20090505$lBLL01$h1553
=CAT  \\$a11069$b40$c20090604$lBLL01$h1410
=CAT  \\$a6470$b40$c20090605$lBLL01$h1011
=CAT  \\$aBATCH-UPD$b40$c20090608$lBLL01$h2034
=CAT  \\$a11071$b40$c20090611$lBLL01$h1619
=FIN  \\$aY$d20090604
=LAS  \\$a11071$b40$c20090611$lBLL01$h1619

