=LDR  01586 am a2200409 a 4500
=001  015174454
=003  Uk
=005  20090511155004.0
=008  090505s2009\\\\gw\a\\\\\b\\\\000\0\eng\\
=FMT  \\$a  BK
=020  \\$a9783183320189 (pbk.)
=040  \\$aUk$beng$cUk
=041  0\$aeng$bger
=042  \\$aukblsr
=082  04$a620.11860113$222
=100  1\$aWimmer, Gerald.
=245  10$aComputational methods for the prediction of emergence and growth of delaminations in laminated composite components /$cGerald Wimmer.
=260  \\$aDüsseldorf :$bVDI Verlag,$c2009.
=300  \\$axii, 131 p. :$bill. ;$c21 cm.
=336  \\$atext$2rdacontent
=337  \\$aunmediated$2rdamedia
=338  \\$avolume$2rdacarrier
=490  0\$aFortschritt-berichte VDI. Reihe 18, Mechanik/Bruchmechanik,$x0178-9457 ;$vNr. 320
=500  \\$aOriginally presented as the author's thesis (doctoral)--Vienna University of Technology, 2009.
=546  \\$aText in English with an abstract in German.
=504  \\$aIncludes bibliographical references.
=650  \0$aComposite materials$xDelamination$xComputer simulation.
=710  2\$aVerein Deutscher Ingenieure.
=710  2\$aTechnische Universität Wien.
=852  71$aBritish Library$bHMNTS$k(P)$hSD 40$m-G(1)$iNr. 320$2blsrissc
=CAT  \\$a6098$b40$c20090505$lBLL01$h1556
=CAT  \\$a6098$b40$c20090505$lBLL01$h1557
=CAT  \\$a6989$b40$c20090507$lBLL01$h0935
=CAT  \\$a10743$b40$c20090511$lBLL01$h1550
=CAT  \\$aBATCH-UPD$b40$c20160729$lBLL01$h2049
=FIN  \\$aY$d20090507
=LAS  \\$aBATCH-UPD$b40$c20160729$lBLL01$h2049

