=LDR  01768cam a2200433 i 4500
=001  020660101
=003  Uk
=005  20230905120723.0
=008  220624s2021\\\\sz\ab\\\\b\\\\001\0\eng\d
=FMT  \\$a  BK
=015  \\$aGBC2B1359$2bnb
=016  7\$a020660101$2Uk
=020  \\$a9783030760106$qpaperback$c£89.99
=040  \\$aStDuBDS$beng$cStDuBDS$dUk$erda
=042  \\$aukblsr
=082  04$a363.61$223
=245  00$aWater safety, security and sustainability :$bthreat detection and mitigation /$cAshok Vaseashta, Carmen Maftei, editors.
=264  \1$aCham, Switzerland :$bSpringer,$c[2021]
=300  \\$axxv, 725 pages :$billustrations (black and white, and colour), maps (black and white, and colour) ;$c24 cm.
=336  \\$atext$2rdacontent
=336  \\$astill image$2rdacontent
=337  \\$aunmediated$2rdamedia
=338  \\$avolume$2rdacarrier
=490  0\$aAdvanced sciences and technologies for security applications
=504  \\$aIncludes bibliographical references and index.
=500  \\$aFormerly CIP.$5Uk
=650  \0$aDrinking water$xContamination$xPrevention.
=650  \0$aWater-supply$xHealth aspects.
=650  \0$aWater security.
=650  \7$aDrinking water$xContamination$xPrevention.$2fast$0(OCoLC)fst00898260
=650  \7$aWater-supply$xHealth aspects.$2fast$0(OCoLC)fst01172384
=650  \7$aWater security.$2fast$0(OCoLC)fst01795729
=700  1\$aVaseashta, A.$q(Ashok),$eeditor.$1https://isni.org/isni/000000011585332X
=700  1\$aMaftei, Carmen,$d1965-$eeditor.$1https://isni.org/isni/0000000358164756
=852  11$aBritish Library$bHMNTS$k(B)$h363.61
=CAT  \\$aBATCH-CIPN$b00$c20220628$lBLL01$h1701
=CAT  \\$a7143$b40$c20230905$lBLL01$h1207
=FIN  \\$aY$d20230905
=LAS  \\$a7143$b40$c20230905$lBLL01$h1207

