=LDR  01993cam a2200505 i 4500
=001  020660237
=003  Uk
=005  20230922224051.0
=008  220620s2022\\\\sz\ab\\\\b\\\\001|0|eng|d
=FMT  \\$a  BK
=015  \\$aGBC2B1495$2bnb
=016  7\$a020660237$2Uk
=020  \\$a9783031064425 (hbk.) :$c£119.99
=020  \\$z9783031064432$qebook
=040  \\$aStDuBDS$beng$cStDuBDS$dUk$erda
=042  \\$aukblsr
=082  04$a338.927$223
=245  00$aTowards sustainable natural resources :$bmonitoring and managing ecosystem biodiversity /$cMeenu Rani, Bhagwan Singh Chaudhary, Saleha Jamal, Pavan Kumar, editors.
=264  \1$aCham, Switzerland :$bSpringer,$c[2022]
=300  \\$axiv, 351 pages :$billustrations (black and white, and colour), maps (colour) ;$c24 cm
=336  \\$atext$2rdacontent
=336  \\$astill image$2rdacontent
=337  \\$aunmediated$2rdamedia
=338  \\$avolume$2rdacarrier
=530  \\$aAlso published electronically.
=504  \\$aIncludes bibliographical references and index.
=500  \\$aFormerly CIP.$5Uk
=650  \0$aSustainable development.
=650  \0$aNatural resources.
=650  \0$aEcosystem management.
=650  \7$aSustainable development.$2fast$0(OCoLC)fst01139731
=650  \7$aEcosystem management.$2fast$0(OCoLC)fst01432037
=650  \7$aBiodiversity conservation.$2fast$0(OCoLC)fst01429861
=650  \7$aNatural resources.$2fast$0(OCoLC)fst01034403
=690  7\$aManagement and Business Studies$2blcoll
=700  1\$aRani, Meenu,$eeditor.
=700  1\$aChaudhary, Bhagwan Singh,$eeditor.
=700  1\$aJamal, Saleha,$d1985-$eeditor.$1https://isni.org/isni/0000000452138482
=700  1\$aKumar, Pavan$c(Professor of forestry),$eeditor.
=852  11$aBritish Library$bHMNTS$k(B)$h338.927
=CAT  \\$aBATCH-CIPN$b00$c20220628$lBLL01$h1701
=CAT  \\$a9671$b40$c20230912$lBLL01$h1112
=CAT  \\$aBATCH-MBS$c20230922$lBLL01$h2240
=FIN  \\$aY$d20230912
=LAS  \\$aBATCH-MBS$b00$c20230922$lBLL01$h2240

