=LDR  01551cam a2200433 i 4500
=001  020668435
=003  Uk
=005  20220831080905.0
=008  220615s2023\\\\enka\\\\\b\\\\001|0|eng|d
=FMT  \\$a  BK
=015  \\$aGBC2B5545$2bnb
=016  7\$a020668435$2Uk
=020  \\$a9781108423748$qhardback
=020  \\$z9781108542814$qPDF
=040  \\$aStDuBDS$beng$cStDuBDS$dUk$erda
=042  \\$aukblcatcopy
=082  04$a621.313$223
=100  1\$aAliprantis, Dionysios,$eauthor.
=245  10$aElectric machines :$btheory and analysis using the finite element method /$cDionysios Aliprantis, Oleg Wasynczuk.
=264  \1$aCambridge :$bCambridge University Press,$c2023.
=300  \\$axix, 494 pages :$billustrations (black and white) ;$c26 cm
=336  \\$atext$2rdacontent
=337  \\$aunmediated$2rdamedia
=338  \\$avolume$2rdacarrier
=530  \\$aAlso issued online.
=504  \\$aIncludes bibliographical references and index.
=500  \\$aFormerly CIP.$5Uk
=650  \0$aElectric machines.
=700  1\$aWasynczuk, Oleg,$eauthor.$1https://isni.org/isni/000000002752346X
=776  08$iebook version :$z9781108542814
=852  11$aBritish Library$bSTI$k(B)621.313
=CAT  \\$aBATCH-CIPN$b00$c20220705$lBLL01$h1701
=CAT  \\$aBATCH-CIPC$b00$c20220816$lBLL01$h1701
=CAT  \\$aBATCH-016$c20220817$lBLL01$h2150
=CAT  \\$a15001$b40$c20220824$lBLL01$h0842
=CAT  \\$a6632$b40$c20220825$lBLL01$h1036
=CAT  \\$a8962$b40$c20220831$lBLL01$h0809
=FIN  \\$aY$d20220825
=LAS  \\$a8962$b40$c20220831$lBLL01$h0809

