=LDR  03119pam a2200697 i 4500
=001  020668569
=003  Uk
=005  20231016161438.0
=008  220524r20222019enka\\\\\b\\\|0|1\0|eng|d
=FMT  \\$a  BK
=015  \\$aGBC2B5680$2bnb
=016  7\$a020668569$2Uk
=020  \\$z9781350347694$qset$qpaperback
=020  \\$a9781350344976$qv. 1$qpaperback$c£25.99
=020  \\$z9781472535801$qv. 1$qhardback
=020  \\$a9781350344983$qv. 2$qpaperback$c£25.99
=020  \\$z9781472535771$qv. 2$qhardback
=020  \\$a9781350345232$qv. 3$qpaperback$c£25.99
=020  \\$z9781472535788$qv. 3$qhardback
=020  \\$a9781350345249$qv. 4$qpaperback$c£25.99
=020  \\$z9781472535764$qv. 4$qhardback
=020  \\$a9781350345263$qv. 5$qpaperback$c£25.99
=020  \\$z9781472535757$qv. 5$qhardback
=020  \\$a9781350345270$qv. 6$qpaperback$c£25.99
=020  \\$z9781472535795$qv. 6$qhardback
=040  \\$aStDuBDS$beng$cStDuBDS$dUk$erda
=042  \\$aukblsr
=082  04$a306$223
=245  02$aA cultural history of the emotions /$cgeneral editors: Susan Broomhall, Jane W. Davidson, and Andrew Lynch.
=264  \1$aLondon, UK :$bBloomsbury Academic,$c2022.
=264  \4$c©2019
=300  \\$a6 volumes :$billustrations (black and white) ;$c25 cm.
=336  \\$atext$2rdacontent
=337  \\$aunmediated$2rdamedia
=338  \\$avolume$2rdacarrier
=490  0\$aThe cultural histories series
=500  \\$aOriginally published: 2019.
=504  \\$aIncludes bibliographical references and index.
=505  0\$av. 1. In antiquity / edited by Douglas Cairns -- v. 2. In the Medieval Age / edited by Juanita Feros Ruys and Clare Monagle -- v. 3. In the late Medieval, Reformation, and Renaissance age / edited by Andrew Lynch and Susan Broomhall -- v. 4. In the Baroque and Enlightenment age / edited by Claire Walker, Katie Barclay and David Lemmings -- v. 5. In the age of romanticism, revolution, and empire / edited by Susan J. Matt -- v. 6. In the modern and post-modern age / edited by Jane W. Davidson and Joy Damousi.
=500  \\$aFormerly CIP.$5Uk
=650  \0$aEmotions$xSociological aspects.
=650  \0$aSocial institutions$xHistory.
=650  \0$aLanguage and emotions$xHistory.
=650  \7$aEmotions$xSociological aspects.$2fast$0(OCoLC)fst00908848
=650  \7$aEmotions$xSocial aspects.$2fast$0(OCoLC)fst00908846
=650  \7$aEmotions in literature.$2fast$0(OCoLC)fst00908874
=655  \7$aHistory.$2fast$0(OCoLC)fst01411628
=700  1\$aBroomhall, Susan,$eeditor.
=700  1\$aDavidson, Jane W.,$eeditor.
=700  1\$aLynch, Andrew,$eeditor.
=852  41$aBritish Library$bHMNTS$ivol. 3
=852  41$aBritish Library$bHMNTS$ivol. 1
=852  41$aBritish Library$bHMNTS$ivol. 5
=852  41$aBritish Library$bHMNTS$ivol. 4
=CAT  \\$aBATCH-CIPN$b00$c20220705$lBLL01$h1701
=CAT  \\$a10812$b40$c20221206$lBLL01$h0920
=CAT  \\$a11250$b40$c20231012$lBLL01$h1332
=CAT  \\$a11250$b40$c20231012$lBLL01$h1342
=CAT  \\$a11009$b40$c20231016$lBLL01$h1614
=FIN  \\$aY$d20231012
=LAS  \\$a11009$b40$c20231016$lBLL01$h1614

