=LDR  01088ncm a22003253i 4500
=001  020674669
=003  Uk
=005  20220711091821.0
=008  220709s2018\\\\ru\\\a\\\\\\\\\\\\\\\\\\d
=FMT  \\$a  MU
=020  \\$a9785884483538$qpaperback
=024  3\$a9785884483538
=035  \\$a(GyWOH)har205019378
=040  \\$aGyWOH$beng$cGyWOH
=100  1\$aArensky, Anton,$d1861-1906.
=245  10$aSiuita no. 4, op. 62 /$cA. Arenskii.
=246  31$aSuite no. 4, op. 62
=246  31$aQuatrième suite, (Re b maj), pour deux pianos à 4 mains
=264  \1$aMoskva :$b"Kniga po Trebovaniiu",$c[2018]
=264  \4$c©2018
=300  \\$a1 score (40 pages) :$b1 facsimile ;$c28 cm
=336  \\$anotated music$bntm$2rdacontent
=337  \\$aunmediated$bn$2rdamedia
=338  \\$avolume$bnc$2rdacarrier
=500  \\$aReprint of the edition: Moscou, Leipzig : P. Jurgenson, 1900.
=500  \\$aPreface in Russian.
=852  41$aBritish Library$bDSC$cMUSIC
=CAT  \\$aBATCH-HARR$b00$c20220711$lBLL01$h0918
=SRC  \\$aHarrassowitz - Supplier
=LAS  \\$aBATCH-HARR$b00$c20220711$lBLL01$h0918

