=LDR  01117cam a2200277 i 4500
=001  020681795
=003  Uk
=005  20221027103048.0
=008  220719q18721879enk\\\\\\\\\\\000\0\eng\\
=FMT  \\$a  BK
=040  \\$aUk$beng$cUk$erda$edcrmb
=245  00$aAlnwick & Canongate Board of Nonsense.$bSurveyor's first report.
=264  \1$a[Alnwick] :$b[publisher not identified],$c[between approximately 1872 and 1879]
=300  \\$a[1] sheet ([1] page) ;$c38 x 26 cm
=336  \\$atext$2rdacontent
=337  \\$aunmediated$2rdamedia
=338  \\$avolume$2rdacarrier
=500  \\$aCaption title.
=500  \\$aBroadside satirising the work of the the inspector of nuisances in Alnwick, a role created by an 1872 Act of Parliament requiring the creation of sanitary authorities and sanitary districts.
=650  \0$aPublic health$zEngland, North East$vSatire.
=752  \\$aGreat Britain$bEngland$dAlnwick.
=852  41$aBritish Library$bHMNTS$hHS.74/2567(54)
=CAT  \\$a8565$b40$c20220719$lBLL01$h1019
=CAT  \\$a14940E$b40$c20221027$lBLL01$h1030
=FIN  \\$aY$d20221027
=LAS  \\$a14940E$b40$c20221027$lBLL01$h1030

