=LDR  01515pam a2200433 i 4500
=001  020684161
=003  Uk
=005  20230602105356.0
=008  220715t20212021pl\a\\\\\b\\\\000|0|eng|d
=FMT  \\$a  BK
=015  \\$aGBC2C7709$2bnb
=016  7\$a020684161$2Uk
=020  \\$a9788323349846 :$q(pbk.)
=020  \\$a9788382201505$q(pbk.)
=020  \\$a9788382204209$q(electronic version)
=020  \\$z9788323372158$q(electronic version)
=040  \\$aStDuBDS$beng$cStDuBDS$dUk$erda
=042  \\$aukblcatcopy
=082  04$a660.62$223
=245  00$aMicrobial biotechnology in the laboratory and practice :$btheory, exercises, and specialist laboratories /$cedited by Jerzy Dlugoński.
=264  \1$aKrakow :$bJagiellonian University Press,$c2021.
=264  \4$c©2021
=300  \\$a549 pages :$billustrations (black and white, and colour) ;$c25 cm
=336  \\$atext$2rdacontent
=336  \\$astill image$2rdacontent
=337  \\$aunmediated$2rdamedia
=338  \\$avolume$2rdacarrier
=530  \\$aAlso issued online.
=504  \\$aIncludes bibliographical references.
=500  \\$aFormerly CIP.$5Uk
=650  \0$aMicrobial biotechnology.
=700  1\$aDługoński, Jerzy,$eeditor.
=852  11$aBritish Library$bHMNTS$k(B)$h660.62
=CAT  \\$aBATCH-CIPN$b00$c20220719$lBLL01$h1701
=CAT  \\$a11373$b40$c20230601$lBLL01$h1348
=CAT  \\$a8317$b40$c20230602$lBLL01$h1053
=CAT  \\$a8317$b40$c20230602$lBLL01$h1053
=FIN  \\$aY$d20230602
=LAS  \\$a8317$b40$c20230602$lBLL01$h1053

