=LDR  02466cam a2200481 i 4500
=001  020687600
=003  Uk
=005  20230724215430.0
=008  220603s2022\\\\wlk\\\\\\b\\\\000\0\wel\c
=FMT  \\$a  BK
=015  \\$aGBC3D8260$2bnb
=020  \\$a9781786839190 (hbk.) :$c£11.99
=020  \\$a1786839199 (hbk.) :$c£11.99
=035  \\$a(WlAbNL)994758602702419
=035  \\$a(OCoLC)1322809723
=035  \\$a(OCoLC)on1322809723
=040  \\$aUK-WkNB$beng$cUK-WkNB$dWlAbNL$erda
=042  \\$aukscp
=050  \4$aPB2115$bH7
=082  04$a891.661009$223
=100  1\$aHopwood, Mererid,$eauthor.$1https://isni.org/isni/0000000107814574
=245  10$aDychmygu iaith /$cMererid Hopwood.
=264  \1$aCaerdydd :$bGwasg Prifysgol Cymru,$c2022.
=300  \\$a184 pages ;$c23 cm
=336  \\$atext$btxt$2rdacontent
=337  \\$aunmediated$bn$2rdamedia
=338  \\$avolume$bnc$2rdacarrier
=504  \\$aYn cynnwys cyfeiriadau llyfryddol = Includes bibliographical references.
=505  0\$aRhagair-- Cydnabyddiaethau--Rhestr o ddarluniau--Byrfoddau--Cyflwyniad1 Preswylfa ein Bod--2 Merch perygl--3 Cwrwgl--4 Cleddyf--5 Dillad benthyg--6 Gwaed fy ysbryd--7 Dyfnder, dyfnfor--8 Ein mam, ein tad--9 Dychwelyd o faes y gad--10 Proffwydoliaeth--11 Tiwnio llais yr iaith--12 Clo--Atodiad Cerddi--Mynegai.
=520  \\$a"'What is language?' This question has been under extensive discussion by philosophers, scientists, educationalists and sociologists. In an attempt to throw new light on the subject, this volume turns to poets from Wales and beyond to examine how they imagine language.--'Beth yw iaith?' Bu'r cwestiwn yn bwnc trafod maith ymhlith athronwyr, gwyddonwyr, addysgwyr a chymdeithasegwyr. Mewn ymgais i fwrw goleuni newydd ar y cwestiwn, try'r gyfrol hon at feirdd o Gymru a phedwar ban, gan holi sut y maen nhw wedi dychmygu iaith"--gwales.
=650  \0$aWelsh language.
=650  \0$aPoets, Welsh$xLanguage.
=852  0\$aBritish Library$bHO$cholibcelt$kCELT$hPB2115.H7
=985  \\$aLDL record matched & merged
=CAT  \\$aBATCH-CMLD$b00$c20220723$lBLL01$h1720
=CAT  \\$aBATCH-UPD$b00$c20220723$lBLL01$h1720
=CAT  \\$aBATCH-016$c20220727$lBLL01$h2151
=CAT  \\$aBATCH-LDLE$b00$c20230724$lBLL01$h2154
=CAT  \\$c20230724$lBLL01$h2154
=CAT  \\$aBATCH-LDLL$b00$c20230724$lBLL01$h2154
=CAT  \\$aBATCH-LDL4$b00$c20230724$lBLL01$h2154
=SRC  \\$aNielsen Bookdata
=LAS  \\$aBATCH-LDL4$b00$c20230724$lBLL01$h2154

