=LDR  02775cam a2200469 i 4500
=001  020689129
=003  Uk
=005  20230908215111.0
=008  220404s2023\\\\nyu\\\\\\b\\\\001\0\eng\\
=FMT  \\$a  BK
=010  \\$a  2022013053
=016  7\$a020689129$2Uk
=020  \\$a9780826186065$q(paperback)
=020  \\$z9780826186072$q(ebook)
=040  \\$aStDuBDS$beng$cStDuBDS$dUk$erda
=042  \\$aukblcatcopy
=050  00$aBF636.7.G76$bS82 2023
=082  00$a158.3/5$223/eng/20220513
=100  1\$aSteen, Sam,$d1975-$eauthor.
=245  10$aIntroduction to group counseling :$ba culturally sustaining and inclusive framework /$cSam Steen, Rachel Vannatta, Kara Ieva.
=264  \1$aNew York, NY :$bSpringer Publishing Company,$c[2023]
=300  \\$axxv, 344 pages ;$c24 cm
=336  \\$atext$btxt$2rdacontent
=337  \\$aunmediated$bn$2rdamedia
=338  \\$avolume$bnc$2rdacarrier
=504  \\$aIncludes bibliographical references and index.
=520  \\$a"The book aims to provide content, experiential activities, strong case applications in group leadership across every chapter. Early in the text a detailed case illustration includes a solid foundation of the goals, purpose, membership, and other group dynamics. Each subsequent chapter uses different examples to bring to life the learning objectives of the chapter. These cases attempt to provide a broad spectrum of group leaders, co-leaders, and group members. The use of multiple cases affords the reader some consistency of engaging in the material while reflecting on applying specific aspects of group leadership. Additionally, the book has an entire chapter that includes a variety of creative and thoughtful case illustrations to highlight special topics centered on a myriad of multicultural considerations. These topics are based on a culmination of the authors' practical experience and are presented to illustrate the nuances associated with infusing multicultural competencies and social justice principles in group work"--$cProvided by publisher.
=530  \\$aAlso issued online.
=500  \\$aFormerly CIP.$5Uk
=650  \0$aGroup counseling.
=650  \0$aLeadership.
=650  \0$aSocial interaction.
=690  7\$aManagement and Business Studies$2blcoll
=776  08$iOnline version:$aSteen, Sam.$tIntroduction to culturally sustaining group counseling$w(DLC) 2022013054$dNew York : Springer Publishing Company, 2022$z9780826186072
=852  11$aBritish Library$bHMNTS$k(B)$h158.35
=CAT  \\$aBATCH-CIPN$b00$c20220726$lBLL01$h1700
=CAT  \\$a15989$b40$c20230830$lBLL01$h1404
=CAT  \\$aBATCH-016$c20230830$lBLL01$h2206
=CAT  \\$aBATCH-MBS$c20230908$lBLL01$h2151
=FIN  \\$aY$d20230830
=SRC  \\$aBLL02
=LAS  \\$aBATCH-MBS$b00$c20230908$lBLL01$h2151

