=LDR  04899cam a2200817 i 4500
=001  020699469
=003  Uk
=005  20231012211551.0
=008  220601t20222022enkah\\\\b\\\\001\0\eng\c
=FMT  \\$a  BK
=010  \\$a2022482500  
=015  \\$aGBC2D4536$2bnb
=016  7\$a020699469$2Uk
=020  \\$a9780241304372$qhardback$cNo price
=020  \\$z9780241304402$qePub ebook$cNo price
=035  \\$a(OCoLC)on1348647051
=040  \\$aStDuBDS$beng$cStDuBDS$dUk$erda
=042  \\$aukblsr
=050  00$aND2920$b.D433 2022
=082  04$a091$223
=100  1\$aDe Hamel, Christopher,$d1950-$eauthor.$1https://isni.org/isni/0000000121468137
=245  14$aThe posthumous papers of the manuscripts club /$cChristopher de Hamel.
=264  \1$a[London] UK ;$aUSA :$bAllen Lane, an imprint of Penguin Books,$c2022.
=264  \4$c©2022
=300  \\$a616 pages :$billustrations (chiefly color), facsimiles (chiefly color) ;$c24 cm.
=336  \\$atext$btxt$2rdacontent
=337  \\$aunmediated$bn$2rdamedia
=338  \\$avolume$bnc$2rdacarrier
=500  \\$aFormerly CIP.$5Uk
=504  \\$aIncludes bibliographical references and indexes.
=505  00$tIntroduction --$gChapter 1.$tThe monk: Saint Anselm --$gChapter 2.$tThe prince: the Duc de Berry --$gChapter 3.$tThe bookseller: Vespasiano da Bisticci --$gChapter 4.$tThe illuminator: Simon Bening --$gChapter 5.$tThe antiquary: Sir Robert Cotton --$gChapter 6.$tThe rabbi: David Oppenheim --$gChapter 7.$tThe Savant: Jean-Joseph Rive --$gChapter 8.$tThe librarian: Sir Frederic Madden --$gChapter 9.$tThe forger: Constantine Simonides --$gChapter 10.$tThe editor: Theodor Mommsen --$gChapter 11.$tThe collector: Sir Sydney Cockerell --$gChapter 12.$tThe curator: Belle da Costa Greene --$gEpilogue.$tAn evening at the Morgan --$gBibliographies and notes --$gList of illustrations --$gIndex of manuscripts --$gIndex of people.
=520  3\$a"The illuminated manuscripts of the Middle Ages are among the greatest works of European art and literature. We are dazzled by them and recognize their crucial role in the transmission of knowledge. But we generally think much less about the countless men and women who made, collected and preserved them through the centuries, and to whom they owe their existence. This work describes some of the extraordinary people who have spent their lives among illuminated manuscripts over the last thousand years."--$cProvided by publisher.
=600  00$aAnselm,$cSaint, Archbishop of Canterbury,$d1033-1109.
=600  10$aBerry, Jean de France,$cduc de,$d1340-1416.
=600  00$aVespasiano,$cda Bisticci,$d1421-1498.
=600  10$aBening, Simon,$d1483 or 1484-1561.
=600  10$aCotton, Robert,$cSir,$d1571-1631.
=600  10$aOppenheim, David ben Abraham,$d1664-1736.
=600  10$aRive, Jean-Joseph,$d1730-1791.
=600  10$aMadden, Frederic,$d1801-1873.
=600  10$aSimōnidēs, Kōnstantinos,$dapproximately 1820-approximately 1867.
=600  10$aMommsen, Theodor,$d1817-1903.
=600  10$aCockerell, Sydney Carlyle,$cSir,$d1867-1962.
=600  10$aGreene, Belle da Costa.
=600  07$aAnselm,$cSaint, Archbishop of Canterbury,$d1033-1109$2fast$0(OCoLC)fst00008160
=600  17$aBening, Simon,$d1483 or 1484-1561$2fast$0(OCoLC)fst01807570
=600  17$aBerry, Jean de France,$cduc de,$d1340-1416$2fast$0(OCoLC)fst00002074
=600  17$aCockerell, Sydney Carlyle,$cSir,$d1867-1962$2fast$0(OCoLC)fst00010810
=600  17$aCotton, Robert,$cSir,$d1571-1631$2fast$0(OCoLC)fst00113921
=600  17$aGreene, Belle da Costa$2fast$0(OCoLC)fst00397952
=600  17$aMadden, Frederic,$d1801-1873$2fast$0(OCoLC)fst00035518
=600  17$aMommsen, Theodor,$d1817-1903$2fast$0(OCoLC)fst00001104
=600  17$aOppenheim, David ben Abraham,$d1664-1736$2fast$0(OCoLC)fst00350967
=600  17$aRive, Jean-Joseph,$d1730-1791$2fast$0(OCoLC)fst00327737
=600  17$aSimōnidēs, Kōnstantinos,$dapproximately 1820-approximately 1867$2fast$0(OCoLC)fst01847638
=600  07$aVespasiano,$cda Bisticci,$d1421-1498$2fast$0(OCoLC)fst00226497
=650  \0$aManuscripts, Medieval$xCollectors and collecting$xHistory.
=650  \0$aIllumination of books and manuscripts, Medieval$xCollectors and collecting$xHistory.
=650  \7$aManuscripts, Medieval$xCollectors and collecting.$2fast$0(OCoLC)fst01008424
=655  \7$aHistory.$2fast$0(OCoLC)fst01411628
=776  08$iebook version :$z9780241304402
=852  11$aBritish Library$bHMNTS$kMSS$h745.67
=BUF  \\$aN$d20230928
=CAT  \\$aBATCH-CIPN$b00$c20220802$lBLL01$h1700
=CAT  \\$aBATCH-CIPC$b00$c20221129$lBLL01$h1702
=CAT  \\$aBATCH-016$c20221130$lBLL01$h2152
=CAT  \\$a11131$b40$c20230928$lBLL01$h1112
=CAT  \\$aBATCH-BUOC$b00$c20231012$lBLL01$h2115
=CAT  \\$aBATCH-UPD$b00$c20231012$lBLL01$h2115
=FIN  \\$aY$d20230928
=LAS  \\$aBATCH-UPD$b00$c20231012$lBLL01$h2115

