=LDR  01227cam a22003731i 4500
=001  020708738
=003  Uk
=005  20231002105509.0
=008  220324s2022\\\\enkb\\\\\\\\\\000|0|eng|d
=FMT  \\$a  BK
=015  \\$aGBC2D9855$2bnb
=016  7\$a020708738$2Uk
=020  \\$a9780712354714 :$q(hbk.)$c£40.00
=040  \\$aStDuBDS$beng$cStDuBDS$dUk$erda
=042  \\$aukblcatcopy
=082  04$a941$223
=100  1\$aBlack, Jeremy,$d1955-$eauthor.$1https://isni.org/isni/0000000121208642
=245  12$aA history of Britain in 100 maps /$cJeremy Black.
=264  \1$aLondon :$bBritish Library Publishing,$c2022.
=300  \\$a272 pages :$bmaps (colour) ;$c28 cm
=336  \\$atext$2rdacontent
=336  \\$acartographic image$2rdacontent
=337  \\$aunmediated$2rdamedia
=338  \\$avolume$2rdacarrier
=500  \\$aFormerly CIP.$5Uk
=651  \0$aGreat Britain$xHistory$vMaps.
=650  \0$aCartography$xHistory.
=852  11$aBritish Library$bHMNTS$kMAPS REF$hD.2(140)
=BUF  \\$aY$d20231002
=CAT  \\$aBATCH-CIPN$b00$c20220809$lBLL01$h1700
=CAT  \\$a11237$b40$c20230222$lBLL01$h1219
=CAT  \\$a11131$b40$c20231002$lBLL01$h1055
=FIN  \\$aY$d20231002
=LAS  \\$a11131$b40$c20231002$lBLL01$h1055

