=LDR  01566cam a22004211i 4500
=001  020714709
=003  Uk
=005  20231002105857.0
=008  220804s2022\\\\enka\\\\\b\\\\001|0|eng|d
=FMT  \\$a  BK
=015  \\$aGBC2E4129$2bnb
=016  7\$a020714709$2Uk
=020  \\$a9780500024294 :$q(hbk.)$c£50.00
=040  \\$aStDuBDS$beng$cStDuBDS$dUk$erda
=042  \\$aukblcatcopy
=082  04$a520.223$223
=100  1\$aSparrow, Giles,$d1970-$eauthor.$1https://isni.org/isni/0000000107796433
=245  10$aPhænomena :$bDoppelmayr's Celestial atlas /$cGiles Sparrow ; foreword by Martin Rees.
=264  \1$aLondon :$bThames and Hudson,$c2022.
=300  \\$a255 pages :$billustrations (colour) ;$c37 cm
=336  \\$atext$2rdacontent
=336  \\$astill image$2rdacontent
=337  \\$aunmediated$2rdamedia
=338  \\$avolume$2rdacarrier
=504  \\$aIncludes bibliographical references and index.
=500  \\$aFormerly CIP.$5Uk
=600  10$aDoppelmayr, Johann Gabriel,$d1677-1750.$tAtlas coelestis.
=650  \0$aStars$xCharts, diagrams, etc.$xHistory.
=650  \0$aAstronomy$xHistory$y18th century.
=650  \0$aAstronomy$vCharts, diagrams, etc.$vEarly works to 1800.
=700  12$aDoppelmayr, Johann Gabriel,$d1677-1750.$tAtlas coelestis.
=852  11$aBritish Library$bHMNTS$kMAPS REF$hM 6(18)
=BUF  \\$aY$d20231002
=CAT  \\$aBATCH-CIPN$b00$c20220816$lBLL01$h1700
=CAT  \\$a15811$b40$c20230313$lBLL01$h1136
=CAT  \\$a11131$b40$c20231002$lBLL01$h1058
=FIN  \\$aY$d20231002
=LAS  \\$a11131$b40$c20231002$lBLL01$h1058

