=LDR  01875cam a2200481 i 4500
=001  020715627
=003  Uk
=005  20231016174420.0
=008  220722s2022\\\\caua\\\\\b\\\|000|0|eng\d
=FMT  \\$a  BK
=015  \\$aGBC2E5047$2bnb
=016  7\$a020715627$2Uk
=020  \\$a9781611216530$qpaperback :$c£9.99
=020  \\$z9781954547551$qeISBN
=040  \\$aStDuBDS$beng$cStDuBDS$dUk$erda
=042  \\$aukblsr
=082  04$a973.7349$223
=100  1\$aCoco, Gregory A.$q(Gregory Ashton),$d1946-2009,$ecompiler,$eeditor.
=245  10$aConfederates killed in action at Gettysburg /$c[compiled and edited by] Gregory A. Coco.
=264  \1$aCalifornia :$bSavas Beatie,$c[2022]
=300  \\$a141 pages :$billustrations (black and white) ;$c22 cm
=336  \\$atext$2rdacontent
=337  \\$aunmediated$2rdamedia
=338  \\$avolume$2rdacarrier
=504  \\$aIncludes bibliographical references.
=530  \\$aAlso published electronically.
=500  \\$aFormerly CIP.$5Uk
=647  \7$aBattle of Gettysburg$c(Gettysburg, Pennsylvania :$d1863)$0(OCoLC)fst01404274$2fast
=647  \7$aAmerican Civil War$c(United States :$d1861-1865)$0(OCoLC)fst01351658$2fast
=648  \7$a1861-1865$2fast
=650  \7$aBattle casualties.$2fast$0(OCoLC)fst00828893
=650  \7$aMilitary campaigns.$2fast$0(OCoLC)fst01710190
=651  \7$aPennsylvania$zGettysburg.$2fast$0(OCoLC)fst01214261
=655  \7$aMilitary history.$2fast$0(OCoLC)fst01411630
=655  \7$aPersonal narratives$vAmerican.$2fast$0(OCoLC)fst01424071
=852  41$aBritish Library$bDSC$iv. 2
=852  41$aBritish Library$bDSC$iv. 1
=CAT  \\$aBATCH-CIPN$b00$c20220816$lBLL01$h1701
=CAT  \\$a15811$b40$c20230607$lBLL01$h1219
=CAT  \\$aCOUTTS-2$b00$c20231004$lBLL01$h2023
=CAT  \\$a6989$b40$c20231016$lBLL01$h1744
=FIN  \\$aY$d20231016
=LAS  \\$a6989$b40$c20231016$lBLL01$h1744

