=LDR  01538cam a2200445 i 4500
=001  020721722
=003  Uk
=005  20230523114213.0
=008  220809s2023\\\\nyua\\\\\b\\\|0|1|0|eng\d
=FMT  \\$a  BK
=010  \\$a2022010873
=015  \\$aGBC2E7618$2bnb
=016  7\$a020721722$2Uk
=020  \\$a9780190678487
=020  \\$z9780190678500$qepub
=020  \\$z9780190678517
=040  \\$aStDuBDS$beng$cStDuBDS$dUk$erda
=042  \\$aukblsr
=082  04$a616.8600835$223
=100  1\$aWinters, Ken C.,$eauthor.$1https://isni.org/isni/0000000384078106
=245  10$aAdolescent co-occurring substance use and mental health disorders /$cKen C. Winters and Ann Becher-Ingwalson.
=264  \1$aNew York :$bOxford University Press,$c[2023]
=300  \\$aviii, 475 pages :$billustrations (black and white) ;$c25 cm
=336  \\$atext$2rdacontent
=337  \\$aunmediated$2rdamedia
=338  \\$avolume$2rdacarrier
=504  \\$aIncludes bibliographical references and index.
=500  \\$aFormerly CIP.$5Uk
=650  \0$aTeenagers$xSubstance use.
=650  \0$aSubstance abuse$xTreatment.
=650  \0$aTeenagers$xMental health.
=650  \0$aTeenagers$xMental health services.
=650  \0$aComorbidity.
=700  1\$aIngwalson, Ann,$eauthor.
=852  11$aBritish Library$bHMNTS$k(B)$h616.8600835
=CAT  \\$aBATCH-CIPN$b00$c20220823$lBLL01$h1700
=CAT  \\$aBATCH-UPD$b00$c20220823$lBLL01$h1700
=CAT  \\$a11014$b40$c20230523$lBLL01$h1142
=FIN  \\$aY$d20230523
=LAS  \\$a11014$b40$c20230523$lBLL01$h1142

