=LDR  01400cam a2200385 i 4500
=001  020723837
=003  Uk
=005  20230913132702.0
=008  220816s2022\\\\sz\a\\\\\b\\\\001\0\eng\d
=FMT  \\$a  BK
=015  \\$aGBC2E9733$2bnb
=016  7\$a020723837$2Uk
=020  \\$a9783031130397$qhardback$c£119.99
=040  \\$aStDuBDS$beng$cStDuBDS$dUk$erda
=042  \\$aukblsr
=082  04$a388$223
=100  1\$aJanić, Milan,$eauthor.$1https://isni.org/isni/0000000042118278
=245  10$aResilience, robustness, and vulnerability of transport systems :$banalysis, modelling, and practice /$cMilan Janić.
=264  \1$aCham, Switzerland :$bSpringer,$c[2022]
=300  \\$axx, 429 pages :$billustrations (black and white, and colour) ;$c25 cm
=336  \\$atext$2rdacontent
=336  \\$astill image$2rdacontent
=337  \\$aunmediated$2rdamedia
=338  \\$avolume$2rdacarrier
=504  \\$aIncludes bibliographical references and index.
=500  \\$aFormerly CIP.$5Uk
=650  \0$aTransportation.
=650  \0$aTransportation$xEvaluation.
=650  \7$aTransportation.$2fast$0(OCoLC)fst01155007
=650  \7$aTransportation$xEvaluation.$2fast$0(OCoLC)fst01155067
=852  11$aBritish Library$bHMNTS$k(B)$h388
=CAT  \\$aBATCH-CIPN$b00$c20220823$lBLL01$h1701
=CAT  \\$a7143$b40$c20230913$lBLL01$h1327
=FIN  \\$aY$d20230913
=LAS  \\$a7143$b40$c20230913$lBLL01$h1327

