=LDR  02099cam a2200469 i 4500
=001  020725682
=003  Uk
=005  20221104101232.0
=008  220822nuuuuuuuuir\a\\\\\\\\\\000\0\per\\
=FMT  \\$a  BK
=020  \\$a9786005696912
=040  \\$aUk$beng$cUk$erda
=041  \\$aper$aeng
=042  \\$aukblsr
=100  1\$6880-01,$aAbrīshamī, Farshād,$d1973 or 1974-$eauthor.
=245  10$6880-02$aMashhad-i qadīm =$bOlden Mashhad /$cFarshād Abrīshamī ; tarjumah-i Ingilīsī: Raʿnā Khazāʿī.
=246  31$aOlden Mashhad
=250  \\$6880-03$aChāp-i sishum.
=264  \1$6880-04$aTihrān :$bKhānah-i Tārīkh va Taṣvīr-i Abrīshamī,$c[date of publication not identified]
=300  \\$a144 pages :$billustrations (black and white) ;$c24 cm.
=300  \\$a156 pages :$billustrations (black and white) ;$c24 cm.
=336  \\$atext$2rdacontent
=336  \\$astill image$2rdacontent
=337  \\$aunmediated$2rdamedia
=338  \\$avolume$2rdacarrier
=490  0\$6880-05$aMajmūʿah ʿaks'hā-yi tārīkhī-i Īrān ;$v6
=546  \\$aIn Persian and English.
=651  \0$aMashhad (Iran)$xHistory$vPictorial works.
=651  \0$aIran$xHistory$vPictorial works.
=700  1\$6880-06,$aKhazāʿī, Raʿnā,$d1980 or 1981-$etranslator.
=880  1\$6100-01$aابریشمی، فرشاد،$d1973 or 1974-$eauthor.
=880  10$6245-02$aمشهد قدیم =$bOlden Mashhad /$cفرشاد ابریشمی ؛ ترجمه انگلیسی: رعنا خزاعی.
=880  \\$6250-03$aنوبت چاپ: ششم.
=880  \1$6264-04$aتهران :$bخانه تاریخ و تصویر ابریشمی،$c[date of publication not identified]
=880  0\$6490-05$aمجموعه عکس‌های تاریخی ؛$v6
=880  1\$6700-06$aخزاعی، رعنا،$d1980 or 1981-$etranslator.
=852  41$aBritish Library$bOC$lYP.2022.a.7989
=CAT  \\$a14485$b40$c20220824$lBLL01$h0734
=CAT  \\$a14485$b40$c20221104$lBLL01$h1012
=CAT  \\$aW2308-1659$c20230923$lBLL01$h1138
=FIN  \\$aY$d20221104
=LAS  \\$aW2308-1659$b00$c20230923$lBLL01$h1138

