=LDR  01609pam a2200457 i 4500
=001  020744694
=003  Uk
=005  20221104130312.0
=008  220907t20222023cauab\\\\b\\\\001\0\eng\d
=FMT  \\$a  BK
=015  \\$aGBC2G2773$2bnb
=016  7\$a020744694$2Uk
=020  \\$a9781098125974$qpaperback
=020  \\$a1098125975$qpaperback
=035  \\$a(OCoLC)1346503549
=040  \\$aStDuBDS$beng$cStDuBDS$dUk$erda
=042  \\$aukblcatcopy
=050  \4$aQ325.5$b.G47 2022
=082  04$a006.31$223
=100  1\$aGéron, Aurélien,$eauthor.$1https://isni.org/isni/0000000418957775
=245  10$aHands-on machine learning with Scikit-Learn, Keras, and TensorFlow :$bconcepts, tools, and techniques to build intelligent systems /$cAurélien Géron.
=250  \\$aThird edition.
=264  \1$aCambridge :$bO'Reilly,$c2022.
=264  \4$c©2023
=300  \\$axxv, 834 pages :$billustrations (black and white, and colour) 1 map (colour) ;$c24 cm
=336  \\$atext$2rdacontent
=336  \\$astill image$2rdacontent
=336  \\$acartographic image$2rdacontent
=337  \\$aunmediated$2rdamedia
=338  \\$avolume$2rdacarrier
=504  \\$aIncludes bibliographical references and index.
=500  \\$aFormerly CIP.$5Uk
=650  \0$aMachine learning.
=650  \0$aPython (Computer program language)
=852  11$aBritish Library$bSTI$k(B)006.31
=CAT  \\$aBATCH-CIPN$b00$c20220913$lBLL01$h1700
=CAT  \\$a15257$b40$c20221103$lBLL01$h1056
=CAT  \\$a6632$b40$c20221104$lBLL01$h1303
=FIN  \\$aY$d20221104
=SID  \\$aZ39$bOCLC
=LAS  \\$a6632$b40$c20221104$lBLL01$h1303

