=LDR  01834cam a2200457 i 4500
=001  020758173
=003  Uk
=005  20230913153930.0
=008  220915s2022\\\\maua\\\\\b\\\\001\0\eng\d
=FMT  \\$a  BK
=015  \\$aGBC2H1515$2bnb
=016  7\$a020758173$2Uk
=020  \\$a9781119879695$qhardback$c£189.00
=040  \\$aStDuBDS$beng$cStDuBDS$dUk$erda
=042  \\$aukblsr
=082  04$a622.18280285$223
=100  1\$aAminzadeh, Fred,$eauthor.$1https://isni.org/isni/0000000116721433
=245  10$aArtificial intelligence and data analytics for energy exploration and production /$cFred Aminzadeh, Cenk Temizel, Yasin Hajizadeh.
=264  \1$aBeverly, MA :$bScrivener Publishing,$c2022.
=300  \\$axxvi, 577 pages :$billustrations (black and white, and colour) ;$c24 cm
=336  \\$atext$2rdacontent
=336  \\$astill image$2rdacontent
=337  \\$aunmediated$2rdamedia
=338  \\$avolume$2rdacarrier
=504  \\$aIncludes bibliographical references and index.
=500  \\$aFormerly CIP.$5Uk
=650  \0$aPetroleum$xProspecting$xData processing.
=650  \0$aNatural gas$xProspecting$xData processing.
=650  \0$aArtificial intelligence$xIndustrial applications.
=650  \7$aPetroleum$xProspecting$xData processing.$2fast$0(OCoLC)fst01059315
=650  \7$aNatural gas$xProspecting$xData processing.$2fast$0(OCoLC)fst01034112
=650  \7$aArtificial intelligence$xIndustrial applications.$2fast$0(OCoLC)fst00817262
=700  1\$aTemizel, Cenk,$eauthor.
=700  1\$aHajizadeh, Yasin,$eauthor.
=852  11$aBritish Library$bHMNTS$k(B)$h622.18280285
=916  \\$a700/1=NEW
=CAT  \\$aBATCH-CIPN$b00$c20220927$lBLL01$h1734
=CAT  \\$a7143$b40$c20230913$lBLL01$h1156
=CAT  \\$a7143$b40$c20230913$lBLL01$h1539
=FIN  \\$aY$d20230913
=LAS  \\$a7143$b40$c20230913$lBLL01$h1539

