=LDR  01246cam a2200313 i 4500
=001  020761802
=003  Uk
=005  20220930165517.0
=008  220930q18181826enk\\\\\\\\\\\000\p\eng\\
=FMT  \\$a  BK
=040  \\$aUk$beng$cUk$erda$edcrmb
=245  00$aCharacteristic sketches;$band a looking-glass for the turncoats. Part the seventh.
=264  \1$a[Chester] :$bW.C. Jones, printer, Chester,$c[between 1818 and 1826]
=300  \\$a1 sheet ([1] page) ;$c26 x 13 cm
=336  \\$atext$2rdacontent
=337  \\$aunmediated$2rdamedia
=338  \\$avolume$2rdacarrier
=500  \\$aCaption title.
=500  \\$aImprint from colophon.
=500  \\$aA satirical verse broadside, naming and shaming political turncoats in one of the contested General Elections of the 1810s and 1820s.
=500  \\$aFirst line of verse: How do you do, Johnny W--d?
=651  \0$aChester (England)$xPolitics and government.
=655  \7$aBroadside poems.$2rbgenr
=700  1\$aJones, W. C.$q(William Collister),$dapproximately 1793-1814,$eprinter.
=752  \\$aGreat Britain$bEngland$dChester.
=852  41$aBritish Library$bHMNTS$hHS.74/2569(31)
=CAT  \\$a14940$b40$c20220930$lBLL01$h1655
=FIN  \\$aY$d20220930
=LAS  \\$a14940$b40$c20220930$lBLL01$h1655

