=LDR  01518cam a2200337 i 4500
=001  020763779
=003  Uk
=005  20221004143311.0
=008  221004q1830\\\\stka\\\\\\\\\\000\1\eng\c
=FMT  \\$a  BK
=040  \\$aUk$beng$cUk$erda$edcrmb
=245  01$a[Death and burial of Cock Robin]
=264  \1$a[Glasgow?] :$b[Printed by J. Lumsden?],$c[circa 1830?]
=300  \\$a[16] pages :$billustrations ;$c10 cm
=336  \\$atext$2rdacontent
=337  \\$aunmediated$2rdamedia
=338  \\$avolume$2rdacarrier
=500  \\$aPrinted in red ink on one side of each leaf only.
=500  \\$aLacks pagination.
=500  \\$aTitle page lacking. Title, imprint and year estimated by cataloguer, based on similiarities between this and other chapbooks produced by Lumsden. Notably, the similar use of red ink, type, and illustrations.
=650  \0$aCock Robin (Fictitious character)
=655  \7$aChapbooks.$2rbgenr
=700  1\$aLaw, William,$d1836-1901,$eformer owner.$5Uk
=700  1\$aMaskell, William,$d1814?-1890,$eformer owner.$5Uk
=752  \\$aGreat Britain$bScotland.
=852  41$aBritish Library$bHMNTS$qCopy at Hon.131.(5). Imperfect: wanting title page and possibly other leaves. Full extent unknown.
=985  \\$a700=new. William Law (1836-1901). Source: https://www.oxfordreference.com/view/10.1093/oi/authority.20110810105244378
=CAT  \\$aKITHERAE$b40$c20221004$lBLL01$h1432
=CAT  \\$aKITHERAE$b40$c20221004$lBLL01$h1433
=FIN  \\$aY$d20221004
=LAS  \\$aKITHERAE$b40$c20221004$lBLL01$h1433

