=LDR  01264nas a2200373 i 4500
=001  020799748
=003  Uk
=005  20221108110855.0
=007  ta
=008  221108c19uu9999enkuu\\\\f\\\\0\\\a0eng\\
=FMT  \\$a  SE
=040  \\$aUk$beng$cUk$erda
=042  \\$aukblsr
=082  04$a632.9$223
=245  00$aBayer crop protection guide.
=246  30$aCrop protection guide
=264  \1$a[Reading] :$bBayer
=300  \\$billustrations (colour) ;$c21 cm
=336  \\$atext$2rdacontent
=337  \\$aunmediated$2rdamedia
=338  \\$avolume$2rdacarrier
=500  \\$a"A condensed quick guide to the use of Bayer products".
=588  \\$aDescription based on: 1988 issue.
=588  \\$aLatest issue consulted: 1993.
=650  \0$aPlants, Cultivated$xDiseases and pests$xControl$zGreat Britiain$vPeriodicals.
=650  \0$aHerbicides$vHandbooks, manuals, etc.
=650  \0$aInsecticides$vHandbooks, manuals, etc.
=650  \0$aRodenticides$vHandbooks, manuals, etc.
=710  2\$aBayer UK Limited,$eissuing body.
=852  71$aBritish Library$bSTI$cBIPC$kTrade Literature$31988, 1990-1991, 1993
=CAT  \\$a8124$b40$c20221108$lBLL01$h0809
=CAT  \\$a8124$b40$c20221108$lBLL01$h1108
=FIN  \\$aY$d20221108
=LAS  \\$a8124$b40$c20221108$lBLL01$h1108

