=LDR  01646cam a2200373 i 4500
=001  020662237
=003  Uk
=005  20230801101359.0
=008  120322s2011\\\\be\ab\\\\b\\\|0|0\0|fre\\
=FMT  \\$a  BK
=020  \\$a9782870931684
=040  \\$aUk$beng$cUk$erda
=042  \\$aukblsr
=100  1\$aSilvestre, Marguerite,$eauthor.
=245  10$aInventaire raisonné des collections cartographiques Vandermaelen, conservées à la Bibliothèque royale de Belgique.$nV,$pL' Atlas Universel (1825-1827) /$cMarguerite Silvestre.
=246  30$aAtlas universel (1825-1827)
=264  \1$aBruxelles :$bBibliothèque royale de Belgique,$c2011.
=300  \\$a681 pages :$billustrations (black and white, and colour), maps (black and white, and colour) ;$c28 cm.
=336  \\$atext$2rdacontent
=337  \\$aunmediated$2rdamedia
=338  \\$avolume$2rdacarrier
=490  0\$aMonographies de la Bibliothèque royale de Belgique =$aMonografien van de Koninklijke Bibliotheek van België ;$vB140
=504  \\$aIncludes bibliographical references.
=600  10$aVandermaelen, Philippe,$d1795-1869.$tAtlas Universel.
=600  17$aVandermaelen, Philippe,$d1795-1869$2fast$0(OCoLC)fst00222794
=650  \7$aMap collections.$2fast$0(OCoLC)fst01008662
=650  \7$aHistorical geography.$2fast$0(OCoLC)fst00958122
=710  2\$aBibliothèque royale de Belgique,$epublisher.
=852  11$aBritish Library$bHMNTS$kMaps Ref.$hD.2$i(50)
=CAT  \\$a15989$b40$c20220629$lBLL01$h1527
=CAT  \\$a11069$b40$c20230801$lBLL01$h1007
=CAT  \\$a11069$b40$c20230801$lBLL01$h1013
=FIN  \\$aY$d20230801
=LAS  \\$a11069$b40$c20230801$lBLL01$h1013

