=LDR  01381cam a2200397 i 4500
=001  020668143
=003  Uk
=005  20231002104636.0
=008  220504s2022\\\\enkab\\\\\\\\\000|0|eng|d
=FMT  \\$a  BK
=015  \\$aGBC2B5253$2bnb
=016  7\$a020668143$2Uk
=020  \\$a9780711268050 :$q(hbk.)$c£25.00
=020  \\$z9780711267497 (ebook) :$c£19.99
=040  \\$aStDuBDS$beng$cStDuBDS$dUk$erda
=042  \\$aukblcatcopy
=082  04$a912.09$223
=100  1\$aParker, Philip,$d1965-$eauthor.$1https://isni.org/isni/0000000107873283
=245  14$aThe atlas of atlases :$bexploring the most important atlases in history and the cartographers who made them /$cPhilip Parker.
=264  \1$aBrighton :$bIvy Press,$c2022.
=300  \\$a272 pages :$billustrations, maps ;$c24 cm.
=336  \\$atext$2rdacontent
=336  \\$astill image$2rdacontent
=336  \\$acartographic image$2rdacontent
=337  \\$aunmediated$2rdamedia
=338  \\$avolume$2rdacarrier
=490  0\$aLiber historica
=500  \\$aFormerly CIP.$5Uk
=650  \0$aAtlases$xHistory.
=650  \0$aCartographers$xHistory.
=776  08$iebook version :$z9780711267497
=852  11$aBritish Library$bHMNTS$kMAPS REF$hD.2 (142)
=CAT  \\$aBATCH-CIPN$b00$c20220705$lBLL01$h1701
=CAT  \\$a11131$b40$c20231002$lBLL01$h1046
=FIN  \\$aY$d20231002
=LAS  \\$a11131$b40$c20231002$lBLL01$h1046

