=LDR  01573cas a22004097i 4500
=001  020806590
=003  Uk
=005  20221209220404.0
=007  ta
=008  141120c197u9999ja\uu\\\\\\\\\0\\\a0eng\\
=FMT  \\$a  SE
=040  \\$aUk$beng$cUk$erda
=082  04$a338.76$223
=110  2\$aOriento Kōporēshon,$eauthor.
=245  10$a[Annual reports, financial reports, etc.] /$cOrico.
=246  13$aAnnual report
=264  \1$aTokyo :$bOrico
=336  \\$atext$2rdacontent
=337  \\$aunmediated$2rdamedia
=338  \\$avolume$2rdacarrier
=500  \\$aIncludes strategic and forecasting reports where available.
=588  \\$aDescription based on: Annual report, year ended March 31, 2020.
=588  \\$aLatest issue consulted: Annual report, year ended March 31, 2021.
=610  20$aOriento Kōporēshon$vPeriodicals.
=650  \0$aCorporation reports$zGreat Britain$vPeriodicals.
=650  \0$aBusiness planning$zGreat Britain$vPeriodicals.
=690  7\$aManagement and Business Studies$2blcoll
=852  71$aBritish Library$bSTI$cBIPC$kTrade Literature$32019-2020
=985  \\$aCompany corporate and financial reports record (Overseas company)
=CAT  \\$a8124$b40$c20221115$lBLL01$h0831
=CAT  \\$a8124$b40$c20221115$lBLL01$h0836
=CAT  \\$a8124$b40$c20221122$lBLL01$h1558
=CAT  \\$a8871$b40$c20221201$lBLL01$h1134
=CAT  \\$aBATCH-MBS$c20221209$lBLL01$h2204
=FIN  \\$aY$d20221115
=LET  \0$aCompany reports of operating and financial results for Orient Corporation (Orico)
=LAS  \\$aBATCH-MBS$b00$c20221209$lBLL01$h2204

