=LDR  01545cas a22003977i 4500
=001  020806601
=003  Uk
=005  20221118221234.0
=007  ta
=008  141120c19999999ko\uu\\\\\\\\\0\\\a0eng\\
=FMT  \\$a  SE
=040  \\$aUk$beng$cUk$erda
=082  04$a332.1$223
=110  2\$aKŭmyung Kamdogwŏn (Korea),$eauthor.
=245  10$a[Annual reports, financial reports, etc.] /$cFinancial Supervisory Service.
=246  13$aAnnual report
=264  \1$a[Seoul] :$bFinancial Supervisory Service
=336  \\$atext$2rdacontent
=337  \\$aunmediated$2rdamedia
=338  \\$avolume$2rdacarrier
=500  \\$aIncludes strategic and forecasting reports where available.
=588  \\$aDescription based on: Annual report, 2010.
=610  20$aKŭmyung Kamdogwŏn (Korea)$vPeriodicals.
=650  \0$aCorporation reports$zGreat Britain$vPeriodicals.
=650  \0$aBusiness planning$zGreat Britain$vPeriodicals.
=690  7\$aManagement and Business Studies$2blcoll
=852  71$aBritish Library$bSTI$cBIPC$kTrade Literature$32010
=985  \\$aCompany corporate and financial reports record.
=CAT  \\$a8124$b40$c20221115$lBLL01$h0855
=CAT  \\$a8124$b40$c20221115$lBLL01$h0856
=CAT  \\$a8124$b40$c20221115$lBLL01$h0858
=CAT  \\$a8124$b40$c20221115$lBLL01$h0900
=CAT  \\$aBATCH-MBS$c20221118$lBLL01$h2212
=FIN  \\$aY$d20221115
=LET  \0$aCompany reports of operating and financial results for Kŭmyung Kamdogwŏn (Korea) = Financial Supervisory Service
=LAS  \\$aBATCH-MBS$b00$c20221118$lBLL01$h2212

