=LDR  01600pam a2200445 i 4500
=001  020808560
=003  Uk
=005  20230315161119.0
=008  221107s2022\\\\enka\\\\\b\\\\001|0|eng|d
=FMT  \\$a  BK
=015  \\$aGBC2K5748$2bnb
=016  7\$a020808560$2Uk
=020  \\$a9781839530432 (hbk.) :$c£115.00
=020  \\$z9781839530449$qebook
=040  \\$aStDuBDS$beng$cStDuBDS$dUk$erda
=042  \\$aukblcatcopy
=082  04$a621.317$223
=100  10$aSalman, S. K.$q(Salman K.),$eauthor.$1https://isni.org/isni/0000000383719741
=245  10$aDigital protection for power systems /$cSalman K. Salman, A.T. Johns.
=250  \\$aSecond edition.
=264  \1$aStevenage :$bInstitution of Engineering and Technology,$c2022.
=300  \\$axxxii, 363 pages :$billustrations ;$c24 cm.
=336  \\$atext$2rdacontent
=336  \\$astill image$2rdacontent
=337  \\$aunmediated$2rdamedia
=338  \\$avolume$2rdacarrier
=490  0\$aEnergy engineering
=500  \\$aOriginally published: London: Peter Peregrinus, 1995.
=504  \\$aIncludes bibliographical references and index.
=530  \\$aAlso issued online.
=500  \\$aFormerly CIP.$5Uk
=650  \0$aElectric power systems$xProtection.
=650  \0$aElectric relays.
=700  10$aJohns, Allan,$d1942-$eauthor.$1https://isni.org/isni/0000000088746923
=852  11$aBritish Library$bHMNTS$k(B)$h621.317
=CAT  \\$aBATCH-CIPN$b00$c20221115$lBLL01$h1701
=CAT  \\$a15257$b40$c20230315$lBLL01$h1233
=CAT  \\$a9657$b40$c20230315$lBLL01$h1611
=FIN  \\$aY$d20230315
=LAS  \\$a9657$b40$c20230315$lBLL01$h1611

