=LDR  01363cas a22003737i 4500
=001  020811378
=003  Uk
=005  20221125215904.0
=007  ta
=008  141120d196u2017ohuuu\\\\\\\\\0\\\a0eng\\
=FMT  \\$a  SE
=040  \\$aUk$beng$cUk$erda
=082  04$a338.76$223
=110  20$aLimited, Inc.,$eauthor.
=245  10$a[Annual reports, financial reports, etc.] /$cThe Limited.
=246  13$aAnnual report
=264  \1$aColumbus, Ohio :$bThe Limited, Inc,$c-2017.
=336  \\$atext$2rdacontent
=337  \\$aunmediated$2rdamedia
=338  \\$avolume$2rdacarrier
=500  \\$aIncludes strategic and forecasting reports where available.
=588  \\$aDescription based on: Annual report, 2001.
=610  20$aLimited, Inc.$vPeriodicals.
=650  \0$aCorporation reports$zGreat Britain$vPeriodicals.
=650  \0$aBusiness planning$zGreat Britain$vPeriodicals.
=690  7\$aManagement and Business Studies$2blcoll
=852  71$aBritish Library$bSTI$cBIPC$kTrade Literature$32001
=985  \\$aCompany corporate and financial reports record.
=CAT  \\$a8124$b40$c20221117$lBLL01$h1414
=CAT  \\$aBATCH-UPD$b40$c20221117$lBLL01$h1415
=CAT  \\$aBATCH-MBS$c20221125$lBLL01$h2159
=FIN  \\$aY$d20221117
=LET  \0$aCompany reports of operating and financial results for The Limited, Inc
=LAS  \\$aBATCH-MBS$b00$c20221125$lBLL01$h2159

