=LDR  01705cas a2200421 i 4500
=001  020825497
=003  Uk
=005  20221216215447.0
=007  ta
=008  221130c20209999enkar\\\\\\\\\0\\\a0eng\\
=FMT  \\$a  SE
=040  \\$aUk$beng$cUk$dUk$erda
=042  \\$aukblsr
=082  04$a338.762409427$223
=110  2\$aLeck Group,$eauthor.
=245  10$aGroup strategic report, report of the directors and consolidated financial statements for the year ended 31 July ... for Leck Group Limited.
=246  30$aReport of the directors
=246  30$aConsolidated financial statements
=264  \1$aAltrincham, Cheshire :$bLeck Group Limited,$c[2021]-
=300  \\$c30 cm
=310  \\$aAnnual
=336  \\$atext$2rdacontent
=337  \\$aunmediated$2rdamedia
=338  \\$avolume$2rdacarrier
=362  0\$a2021-
=610  20$aLeck Group$xFinance$vPeriodicals.
=610  20$aLeck Group$vPeriodicals.
=690  7\$aManagement and Business Studies$2blcoll
=780  00$aLeck Group.$tAnnual report and financial statements for the year ended
=852  41$aBritish Library$bSTI$kBIS$32021-
=985  \\$aCatalogued from scanned images
=CAT  \\$a8323$b40$c20221130$lBLL01$h1636
=CAT  \\$a8124$b40$c20221201$lBLL01$h0923
=CAT  \\$aBATCH-MBS$c20221216$lBLL01$h2154
=FIN  \\$aY$d20221130
=LET  \0$aGroup strategic report, report of the directors and consolidated financial statements (Print)
=LKR  \\$aPAR$b013516293$lBLL01$nAnnual report and financial statements (Leck Group)$mGroup strategic report, report of the directors and consolidated financial statements for the year ended 31 July ... for Leck Group Limited$r78000
=LAS  \\$aBATCH-MBS$b00$c20221216$lBLL01$h2154

