=LDR  01248cas a2200373 i 4500
=001  020828630
=003  Uk
=005  20221206090528.0
=007  ta
=008  221202c19uu9999enkar\\\\\s\\\0\\\a0eng\\
=FMT  \\$a  SE
=040  \\$aUk$beng$cUk$erda
=042  \\$aukblsr
=082  04$a796.0684259$223
=110  2\$aBuckinghamshire Playing Fields Association.
=245  10$aReport & accounts /$cBuckinghamshire Playing Fields Association.
=246  3\$aReport and accounts
=264  \1$a[Aylesbury, Bucks] :$b[Buckinghamshire Playing Fields Association]
=300  \\$c21 cm
=310  \\$aAnnual
=336  \\$atext$2rdacontent
=337  \\$aunmediated$2rdamedia
=338  \\$avolume$2rdacarrier
=588  \\$aDescription based on: 1981/1982.
=610  27$aBuckinghamshire Playing Fields Association$2fast
=650  \7$aFinance.$2fast$0(OCoLC)fst00924349
=655  \7$aStatistics.$2fast$0(OCoLC)fst01423727
=655  \7$aAnnual reports.$2fast$0(OCoLC)fst01919893
=852  41$aBritish Library$bHMNTS$kP881/446$31981/1982-1983/1984
=CAT  \\$a10969$b40$c20221202$lBLL01$h1414
=CAT  \\$a10969$b40$c20221202$lBLL01$h1415
=CAT  \\$a8871$b40$c20221206$lBLL01$h0905
=FIN  \\$aY$d20221202
=LAS  \\$a8871$b40$c20221206$lBLL01$h0905

