=LDR  02007cam a2200565 i 4500
=001  020831415
=003  Uk
=005  20231004220604.0
=008  221209t20232023nyu\\\\\\b\\\\001\0\eng\d
=FMT  \\$a  BK
=010  \\$a2022951477  
=015  \\$aGBC2L8488$2bnb
=016  7\$a020831415$2Uk
=020  \\$a9781398609068$qhardback$c£60.00
=020  \\$a9781398609044$qpaperback$c£19.99
=020  \\$z9781398609051$qPDF ebook$c£19.99
=035  \\$a(OCoLC)on1371240135
=040  \\$aStDuBDS$beng$cStDuBDS$dUk$erda
=042  \\$aukblsr
=050  00$aHF5548.2$b.D764 2023
=082  04$a658.872$223
=100  1\$aDuffey, Chris,$eauthor.
=245  10$aDecoding the metaverse :$bexpand your business using Web3 /$cChris Duffey.
=264  \1$aLondon ;$aNew York, NY :$bKogan Page Limited,$c2023.
=264  \4$c©2023
=300  \\$axiv, 354 pages ;$c24 cm.
=336  \\$atext$2rdacontent
=337  \\$aunmediated$2rdamedia
=338  \\$avolume$2rdacarrier
=500  \\$aFormerly CIP.$5Uk
=504  \\$aIncludes bibliographical references and index.
=520  \\$aExplores and breaks down the business potential of the metaverse.
=650  \0$aBusiness$xComputer networks.
=650  \0$aBusiness enterprises$xTechnological innovations.
=650  \0$aMetaverse$xEconomic aspects.
=650  \0$aShared virtual environments$xEconomic aspects.
=650  \0$aElectronic commerce.
=650  \6$aEnvironnements virtuels partagés$xAspect économique.
=650  \6$aCommerce électronique.
=650  \6$aAffaires$xRéseaux d'ordinateurs.
=690  7\$aManagement and Business Studies$2blcoll
=852  11$aBritish Library$bSTI$cBIPC
=BUF  \\$aN$d20230920
=CAT  \\$aBATCH-CIPN$b00$c20221206$lBLL01$h1701
=CAT  \\$a11131$b40$c20230920$lBLL01$h1102
=CAT  \\$aBATCH-BUOC$b00$c20230928$lBLL01$h2115
=CAT  \\$aBATCH-MBS$c20230929$lBLL01$h2151
=CAT  \\$aBATCH-016$c20231004$lBLL01$h2206
=FIN  \\$aY$d20230920
=LAS  \\$aBATCH-016$b00$c20231004$lBLL01$h2206

