=LDR  01329cas a22003497i 4500
=001  020834394
=003  Uk
=005  20221216215450.0
=007  ta
=008  141120c20019999enkuu\\\\\\\\\0\\\a0eng\\
=FMT  \\$a  SE
=040  \\$aUk$beng$cUk$erda
=082  04$a381.02941$223
=110  2\$aCo-operative Group (Great Britain),$eauthor.
=245  10$a[Trade literature] /$cThe Co-operative.
=264  \1$a[Manchester] :$bCo-operative
=336  \\$atext$2rdacontent
=337  \\$aunmediated$2rdamedia
=338  \\$avolume$2rdacarrier
=588  \\$aDescription based on: "Together", a slip case containing various leaflets dealing with values and principles of the organisation, published in 2006.
=610  27$aCo-operative Group (Great Britain)$2fast
=650  \7$aTrade literature.$2fast$0(OCoLC)fst01737364
=655  \7$aPeriodicals.$2fast$0(OCoLC)fst01411641
=690  7\$aManagement and Business Studies$2blcoll
=852  71$aBritish Library$bSTI$cBIPC$kTrade Literature
=985  \\$aCompany trade literature collection level record.
=CAT  \\$a8124$b40$c20221207$lBLL01$h1028
=CAT  \\$a8124$b40$c20221207$lBLL01$h1158
=CAT  \\$aBATCH-MBS$c20221216$lBLL01$h2154
=FIN  \\$aY$d20221207
=LET  \0$aTrade literature for Co-operative Group (Great Britain)
=LAS  \\$aBATCH-MBS$b00$c20221216$lBLL01$h2154

