=LDR  03995cam a2200457 i 4500
=001  020835133
=003  Uk
=005  20230227111735.0
=008  210602s2021\\\\nyuaf\\\\b\\\\001\0\eng\\
=FMT  \\$a  BK
=010  \\$a  2021004832
=020  \\$a9781541675087$q(hardcover)
=020  \\$z9781541675094$q(ebook)
=040  \\$aDLC$beng$cDLC$dUk$erda
=042  \\$aukblcatcopy
=043  \\$ae-uk-en
=050  00$aZ106.5.G7$bW45 2021
=082  00$a091.0942$223
=100  1\$aWellesley, Mary,$d1986-$eauthor.
=245  14$aThe gilded page :$bthe social lives of medieval manuscripts /$cMary Wellesley.
=250  \\$aFirst edition.
=264  \1$aNew York :$bBasic Books,$c2021.
=300  \\$a340 pages 16 of plates :$billustrations ;$c25 cm
=336  \\$atext$btxt$2rdacontent
=337  \\$aunmediated$bn$2rdamedia
=338  \\$avolume$bnc$2rdacarrier
=504  \\$aIncludes bibliographical references and index.
=505  0\$aIntroduction -- Prologue: The Alchemy of Parchment -- Discoveries -- Near Disasters -- Patrons -- Artists -- Scribes -- Authors & Scribes -- Authors Hidden -- Epilogue: The Death of the Manuscript -- Afterword: Uses & Abuses of the Past.
=520  \\$a"The Gilded Page is the story of the written word in the pre-Gutenberg age. Ranging from the earliest intact book in Europe, to the only known literary manuscript to be written in Shakespeare's hand, scholar Mary Wellesley reveals the secret lives of these literary and artistic treasures. Traipsing through the remarkable history, she recounts fires (the only surviving Beowulf manuscript is singed at its edges, losing a bit of its matter every decade) and threats ("this is Elisabeth Danes's book / he that steals it shall be hanged by the neck," reads the marginalia in one treasured text). Some manuscripts were designed to reinforce power-like the psalter commissioned by Henry VIII, with a bold illustration of David fighting Goliath, the king's likeness as David's and his archnemesis Pope Paul III's face drawn on Goliath. .Some survive and remain celebrated because of an author's political connections-we have so much of Chaucer's writings, and thus study and revere them, because he was a government official first, a poet second. And although work identified with men was more likely to survive through time, some of the most beguiling and beautiful texts were created by women. Many have been lost, like Julian of Norwich's Revelations of Divine Love. Yet others are relatively recent discoveries, like the manuscript of illiterate Margery Kempe, found in a country house closet by a family searching for ping pong balls, the book's cover nibbled on by mice. But all these objects have their secrets, and their creation and survival tell us much about power and art, knowledge and beauty. Today we associate illuminated manuscripts with wealthy elites, but they were made by ordinary people: the grinders and binders, the scribes and rubricators. .We remember the patrons and the authors, but these objects have been much altered-text embroidered by upstart scribes, mistakes made in copying poems, whole chapters lost to time-and our literary inheritance is one of collective authorship. Rich, dazzling, and passionately told, Untitled is a tribute to some of the most exquisite objects ever made by human hands"--$cProvided by publisher.
=650  \0$aManuscripts, Medieval$zEngland$xHistory.
=650  \0$aTransmission of texts$xSocial aspects$zEngland$xHistory.
=650  \0$aEnglish literature$yOld English, ca. 450-1100$xHistory and criticism.
=650  \0$aEnglish literature$yMiddle English, 1100-1500$xHistory and criticism.
=650  \0$aIllumination of books and manuscripts, Medieval$zEngland.
=650  \0$aMarginalia$zEngland$xHistory.
=852  11$aBritish Library$bHMNTS$kMSS$h745.67
=CAT  \\$a6503$b40$c20221208$lBLL01$h1241
=CAT  \\$a11131$b40$c20230227$lBLL01$h1117
=FIN  \\$aY$d20230227
=SRC  \\$aBLL02
=LAS  \\$a11131$b40$c20230227$lBLL01$h1117

