=LDR  01211cas a22003617i 4500
=001  020839515
=003  Uk
=005  20230113220142.0
=007  ta
=008  141120c199u9999enkuu\\\\\\\\\0\\\a0eng\\
=FMT  \\$a  SE
=040  \\$aUk$beng$cUk$erda
=082  04$a381.02941$223
=110  2\$aLecta (Firm),$eauthor.
=245  10$a[Trade literature] /$cLecta.
=264  \1$aLondon :$bLecta
=336  \\$atext$2rdacontent
=337  \\$aunmediated$2rdamedia
=338  \\$avolume$2rdacarrier
=588  \\$aDescription based on: Divergence: the power of standing out, 2018.
=610  27$aLecta (Firm)$2fast
=650  \7$aTrade literature.$2fast$0(OCoLC)fst01737364
=655  \7$aPeriodicals.$2fast$0(OCoLC)fst01411641
=690  7\$aManagement and Business Studies$2blcoll
=852  71$aBritish Library$bSTI$cBIPC$kTrade Literature$32018
=985  \\$aCompany trade literature collection level record.
=CAT  \\$a8124$b40$c20221214$lBLL01$h0950
=CAT  \\$a8124$b40$c20221215$lBLL01$h1136
=CAT  \\$a8871$b40$c20221216$lBLL01$h0802
=CAT  \\$aBATCH-MBS$c20230113$lBLL01$h2201
=FIN  \\$aY$d20221214
=LET  \0$aTrade literature for Lecta (Firm)
=LAS  \\$aBATCH-MBS$b00$c20230113$lBLL01$h2201

