=LDR  01220cas a2200385 i 4500
=001  020839617
=003  Uk
=005  20221223215344.0
=007  ta
=008  221214c19889999enkuu\\\\r\\\\0\\\a0eng\\
=FMT  \\$a  SE
=040  \\$aUk$beng$cUk$erda
=042  \\$aukblsr
=082  04$a381.456870941$223
=110  2\$aNext (Firm),$eauthor.
=245  10$aNext directory.
=246  30$aDirectory
=264  \1$aEnderby, Leicester :$bNext Directory Ltd,$c1988-
=300  \\$billustrations (colour) ;$c30 cm
=336  \\$atext$2rdacontent
=337  \\$aunmediated$2rdamedia
=338  \\$avolume$2rdacarrier
=362  1\$aBegan in 1988.
=515  \\$aFirst issue unnumbered.
=610  27$aNext (Firm)$2fast$0(OCoLC)fst00793607
=650  \7$aFashion.$2fast$0(OCoLC)fst00921600
=655  \7$aDirectories.$2fast$0(OCoLC)fst01423796
=655  \7$aPeriodicals.$2fast$0(OCoLC)fst01411641
=690  7\$aManagement and Business Studies$2blcoll
=852  71$aBritish Library$bSTI$cBIPC$kTrade Literature$31988
=CAT  \\$a8124$b40$c20221214$lBLL01$h1147
=CAT  \\$a8124$b40$c20221214$lBLL01$h1148
=CAT  \\$aBATCH-MBS$c20221223$lBLL01$h2153
=FIN  \\$aY$d20221214
=LAS  \\$aBATCH-MBS$b00$c20221223$lBLL01$h2153

