=LDR  02375cam a2200409 i 4500
=001  020851167
=003  Uk
=005  20230225102802.0
=008  221017s2023\\\\ne\\\\\\\b\\\\001\0\eng\\
=FMT  \\$a  BK
=010  \\$a  2022948124
=015  \\$aGBC343065$2bnb
=020  \\$a9789004462809$q(paperback)
=020  \\$z9789004517370$q(ebook)
=040  \\$aDLC$beng$cDLC$erda
=042  \\$aukblsr
=082  04$a271.53$223
=100  1\$aComerford, Kathleen M.,$eauthor.
=245  10$aJesuit libraries /$cby Kathleen M. Comerford.
=264  \1$aLeiden ; Boston :$bBrill,$c[2023?]
=300  \\$a84 pages ;$c24 cm.
=336  \\$atext$btxt$2rdacontent
=337  \\$aunmediated$bn$2rdamedia
=338  \\$avolume$bnc$2rdacarrier
=490  0\$aBrill Research Perspectives in Jesuit Studies
=490  0\$aBrill Research Perspectives in Humanities and Social Sciences,$x2772-2783
=504  \\$aIncludes bibliographical references and index.
=520  \\$a"The Society of Jesus began a tradition of collecting books and curating those collections at its foundation. These libraries were important to both their European sites and their missions; they helped build a global culture as part of early modern European evangelization. When the Society was suppressed, the Jesuits' possessions were seized and redistributed, by transfer to other religious orders, confiscation by governments, or sale to individuals. These possessions were rarely returned, and when, in 1814, the Society was restored, the Jesuits had to begin to build new libraries from scratch. Their practices of librarianship, though not their original libraries, left an intellectual legacy which still informs library science today. While there are few European Jesuit universities left, institutions of higher learning administered by the Society of Jesus remain important to the intellectual development of students and communities around the world, supported by large, rich library collections"--$cProvided by publisher.
=610  27$aJesuits$2fast$0(OCoLC)fst00532143
=650  \7$aLibraries.$2fast$0(OCoLC)fst00997341
=852  41$aBritish Library$bHMNTS$kSPIS$h271.53
=CAT  \\$a6503$b40$c20230104$lBLL01$h1600
=CAT  \\$a15989$b40$c20230216$lBLL01$h1529
=CAT  \\$a7332$b40$c20230225$lBLL01$h1028
=FIN  \\$aY$d20230225
=SID  \\$aZ39$bLOC
=LAS  \\$a7332$b40$c20230225$lBLL01$h1028

