=LDR  03480cam a2200505 i 4500
=001  020851839
=003  Uk
=005  20230303105915.0
=008  220916s2023\\\\ne\ab\\\\b\\\|0|1\0|eng\\
=FMT  \\$a  BK
=010  \\$a2022044781
=020  \\$a9789004153080$qhardcover
=020  \\$a900415308X$qhardcover
=020  \\$z9789004158719$qelectronic book
=035  \\$a(OCoLC)1347215357
=040  \\$aDLC$beng$cDLC$dOCLCF$dYDX$dUk$erda
=042  \\$aukblsr
=050  00$aNX650.G697$bG75 2023
=082  04$a704.9493069$223
=245  00$aGrief, identity, and the arts :$ba multidisciplinary perspective on expressions of grief /$cedited by Bram Lambrecht and Miriam Wendling.
=264  \1$aLeiden :$bBrill,$c[2023]
=300  \\$axiv, 278 pages :$billustrations (black and white, and colour), map (colour) ;$c25 cm.
=336  \\$atext$btxt$2rdacontent
=337  \\$aunmediated$bn$2rdamedia
=338  \\$avolume$bnc$2rdacarrier
=490  0\$aDeath in history, culture, and society,$x2772-6983 ;$vvolume 1
=505  2\$aMary's grief in 18th-century Passion oratorios : some note on its confessional and interconfessional aspects / Maryam Haiawi -- Here is their spirit : contemporary expressions of grief at the Australian War Memorial / David Gist -- Dutch mourning poetry in the 19th century : the case of Prudens van Duyse's Natalia (1842) / Janneke Weijermars -- Contested legacies of modernist memorialization : the May 4 Memorial / Tammy Clewell.
=520  \\$a"Death and grief have often elicited the response of creativity, from elegies and requiems to memorial architecture. Such artistic expressions of grief form the focus of Grief, Identity, and the Arts, which brings together scholars from the disciplines of musicology, literature, sociology, film studies, social work, and museum studies. While presenting one or more case studies from a range of artistic disciplines, historical periods, or geographical areas, each chapter addresses the interdependence of grief and identity in the arts. The volume as a whole shows how artistic expressions of grief are both influenced by and contribute to constructions of religious, national, familial, social, and artistic identities. Contributors include: Tammy Clewell, Lizet Duyvendak, David Gist, Maryam Haiawi, Owen Hansen, Maggie Jackson, Christoph Jedan, Bram Lambrecht , Carlo Leo, Wolfgang Marx, Tijl Nuyts, Despoina Papastathi , Julia Płaczkiewicz, Bavjola Shatro, Caroline Supply, Nicolette van den Bogerd, Eric Venbrux, Janneke Weijermars, Miriam Wendling, and Mariske Westendorp"--$cProvided by publisher.
=504  \\$aIncludes bibliographical references and indexes.
=650  \0$aGrief in art.
=650  \0$aIdentity (Psychology) in art.
=650  \0$aArts, Modern$xThemes, motives.
=650  \7$aArts, Modern$xThemes, motives.$2fast$0(OCoLC)fst00818159
=650  \7$aGrief in art.$2fast$0(OCoLC)fst00947905
=650  \7$aIdentity (Psychology) in art.$2fast$0(OCoLC)fst00966908
=700  1\$aLambrecht, Bram,$d1991-$eeditor.
=700  1\$aWendling, Miriam,$eeditor.
=776  08$iOnline version:$tGrief, identity, and the arts$w(DLC)  2022044782$dLeiden ; Boston : Brill, [2023]$z9789004158719
=852  41$aBritish Library$bHMNTS$kSPIS$h704.9493069
=CAT  \\$a6503$b40$c20230105$lBLL01$h1436
=CAT  \\$a15989$b40$c20230228$lBLL01$h1230
=CAT  \\$a11014$b40$c20230303$lBLL01$h1059
=FIN  \\$aY$d20230303
=SID  \\$aZ39$bOCLC
=LAS  \\$a11014$b40$c20230303$lBLL01$h1059

