=LDR  01825cam a2200469 i 4500
=001  020867491
=003  Uk
=005  20231016131300.0
=008  221208m20239999enka\\\\\b\\\|0|1\0|eng|d
=FMT  \\$a  BK
=015  \\$aGBC306187$2bnb
=016  7\$a020867491$2Uk
=020  \\$a9780199659630$qv. 1$qhardback$c£190.00
=040  \\$aStDuBDS$beng$cStDuBDS$dUk$erda
=042  \\$aukblsr
=082  04$a828.409$223
=100  1\$aBrowne, Thomas,$cSir,$d1605-1682,$eauthor.
=240  10$aWorks
=245  14$aThe complete works of Sir Thomas Browne /$cgeneral editor Claire Preston.
=264  \1$aOxford :$bOxford University Press,$c[2023]-
=300  \\$a8 volumes :$billustrations (black and white) ;$c25 cm
=336  \\$atext$2rdacontent
=337  \\$aunmediated$2rdamedia
=338  \\$avolume$2rdacarrier
=504  \\$aIncludes bibliographical references and index.
=505  1\$av. 1. Religio medici / edited by Reid Barbour and Brooke Conti.
=500  \\$aFormerly CIP.$5Uk
=600  17$aBrowne, Thomas,$cSir,$d1605-1682$2fast$0(OCoLC)fst01860202
=650  \7$aPhilosophy.$2fast$0(OCoLC)fst01060777
=650  \7$aChristian life.$2fast$0(OCoLC)fst00859185
=655  \7$aCriticism, interpretation, etc.$2fast$0(OCoLC)fst01411635
=655  \7$aEarly works.$2fast$0(OCoLC)fst01411636
=700  1\$aPreston, Claire,$eeditor.
=700  1\$aBarbour, Reid,$eeditor.$1https://isni.org/isni/0000000081516172
=700  1\$aConti, Brooke,$eeditor.$1https://isni.org/isni/0000000430382257
=700  12$aBrowne, Thomas,$cSir,$d1605-1682.$tReligio medici.
=852  41$aBritish Library$bHMNTS$ivol. 1
=CAT  \\$aBATCH-CIPN$b00$c20230117$lBLL01$h1700
=CAT  \\$a15548$b40$c20231002$lBLL01$h1337
=CAT  \\$a11009$b40$c20231016$lBLL01$h1313
=FIN  \\$aY$d20231016
=LAS  \\$a11009$b40$c20231016$lBLL01$h1313

