=LDR  02426pam a2200493 i 4500
=001  020932956
=003  Uk
=005  20230928171838.0
=008  221004s2023\\\\si\a\\\\\b\\\\001\0\eng\\
=FMT  \\$a  BK
=010  \\$a  2022038167
=015  \\$aGBC315036$2bnb
=016  7\$a020932956$2Uk
=020  \\$a9789811262784$q(hardcover)
=020  \\$z9789811262791$q(ebook)
=020  \\$z9789811262807$q(ebook other)
=040  \\$aStDuBDS$beng$cStDuBDS$dUk$erda
=042  \\$aukblcatcopy
=050  00$aQA274.75$b.C454 2023
=082  00$a519.233$223
=100  1\$aChen, Zhen-Qing,$eauthor.
=245  10$aStochastic Komatu-Loewner evolutions /$cZhen-Qing Chen (University of Washington, USA), Masatoshi Fukushima (Osaka University, Japan), Takuya Murayama (Kyushu University, Japan).
=264  \1$aSingapore :$bWorld Scientific,$c[2023]
=300  \\$axv, 238 pages :$billustrations (black and white) ;$c26 cm
=336  \\$atext$2rdacontent
=336  \\$astill image$2rdacontent
=337  \\$aunmediated$2rdamedia
=338  \\$avolume$2rdacarrier
=504  \\$aIncludes bibliographical references and index.
=520  \\$a"The present monograph on stochastic Komatu-Loewner evolutions (SKLEs) provides the first systematic extension of the Schramm-Loewner evolution (SLE) theory from a simply connected planar domain to multiply connected domains by using the Brownian motion with darning (BMD) that has arisen in a recent study of the boundary theory of symmetric Markov processes. This volume is presented in an accessible manner for the interested researchers and graduate students. It also brings new insights into SLEs as special cases of SKLEs. Mathematically, it can be viewed as a powerful application of stochastic analysis via BMDs to complex analysis"--$cProvided by publisher.
=530  \\$aAlso issued online.
=500  \\$aFormerly CIP.$5Uk
=650  \0$aBrownian motion processes$xMathematical models.
=650  \0$aMarkov processes$xMathematical models.
=650  \0$aStochastic analysis$xMathematical models.
=700  1\$aFukushima, Masatoshi,$d1935-$eauthor.
=700  1\$aMurayama, Takuya,$eauthor.
=852  11$aBritish Library$bHMNTS$k(B)$h519.233
=CAT  \\$aBATCH-CIPN$b00$c20230124$lBLL01$h1702
=CAT  \\$a16407$b40$c20230928$lBLL01$h0907
=CAT  \\$a6632$b40$c20230928$lBLL01$h1718
=FIN  \\$aY$d20230928
=SRC  \\$aBLL02
=LAS  \\$a6632$b40$c20230928$lBLL01$h1718

