=LDR  03208cam a2200589 i 4500
=001  020954850
=003  Uk
=005  20230331120904.0
=008  210609s2021\\\\ilua\\\\\b\\\\000\0\eng\d
=FMT  \\$a  BK
=020  \\$a9780838948231$qpaperback
=020  \\$a0838948235
=035  \\$a(OCoLC)1255634022
=040  \\$aSFR$beng$cSFR$dOCLCO$dOCLCF$dBDX$dYDX$dOCLCO$dUk$erda
=042  \\$aukblderived
=100  1\$aSpina, Carli,$eauthor.
=245  10$aVideo accessibility /$cCarli Spina.
=264  \1$aChicago, IL :$bAmerican Library Association,$c2021.
=300  \\$a33 pages :$billustrations ;$c28 cm.
=336  \\$atext$btxt$2rdacontent
=337  \\$aunmediated$bn$2rdamedia
=338  \\$avolume$bnc$2rdacarrier
=490  1\$aLibrary technology reports ;$vv. 57, no. 3
=504  \\$aIncludes bibliography.
=505  0\$aWhy is video accessibility important? -- Captions -- Transcripts -- Audio descriptions -- Considerations for video accessibility -- Video accessibility tools -- Video accessibility workflows.
=520  \\$a"Video content is an increasingly important part of library marketing, outreach, instruction, and more. In order for this content to be inclusive for all patrons, it is vital that it be made accessible. However, large quantities of video content are still shared without adequate accessibility features, such as captions, transcriptions, audio descriptions, sign language interpretation, and accessible media players. This issue of Library Technology Reports (vol. 57, no. 3), "Video Accessibility," will help librarians to understand these various accessibility features and how they are used. It will also give them the knowledge and tools necessary to ensure that the videos they share, create, and purchase for their collections are accessible to all patrons"--$cPublisher's description.
=650  \0$aAccess technologies.
=650  \0$aAudiodescription.
=650  \0$aVideo description.
=650  \0$aClosed captioning.
=650  \0$aVideo recordings for people with visual disabilities.
=650  \0$aVideo recordings for the hearing impaired.
=650  \0$aPeople with visual disabilities$xServices for.
=650  \0$aHearing impaired$xServices for.
=650  \6$aAudiodescription.
=650  \6$aAudiovision.
=650  \7$aAccess technologies.$2fast$0(OCoLC)fst01896208
=650  \7$aAudiodescription.$2fast$0(OCoLC)fst00821095
=650  \7$aClosed captioning.$2fast$0(OCoLC)fst00864615
=650  \7$aHearing impaired$xServices for.$2fast$0(OCoLC)fst00953463
=650  \7$aPeople with visual disabilities$xServices for.$2fast$0(OCoLC)fst01057476
=650  \7$aVideo description.$2fast$0(OCoLC)fst01166404
=650  \7$aVideo recordings for people with visual disabilities.$2fast$0(OCoLC)fst01166512
=650  \7$aVideo recordings for the hearing impaired.$2fast$0(OCoLC)fst01166513
=830  \0$aLibrary technology reports ;$vv. 57, no. 3.
=852  11$aBritish Library$bHMNTS$kHUR$h027.663
=CAT  \\$a15184$b40$c20230210$lBLL01$h1113
=CAT  \\$a15989$b40$c20230331$lBLL01$h1206
=CAT  \\$a15989$b40$c20230331$lBLL01$h1209
=FIN  \\$aY$d20230331
=SID  \\$aZ39$bOCLC
=LAS  \\$a15989$b40$c20230331$lBLL01$h1209

