=LDR  07813cam a2200625 i 4500
=001  020954994
=003  Uk
=005  20230223121654.0
=008  210309t20212021ilua\\\\\b\\\\000\0\eng\d
=FMT  \\$a  BK
=010  \\$a  2021930110
=020  \\$a0838948588
=020  \\$a9780838948583$qpaperback
=035  \\$a(OCoLC)1240805437
=040  \\$aAAA$beng$cAAA$dTXM$dMNT$dOCLCO$dGZN$dBDX$dKSU$dYDX$dUAB$dOCLCO$dMNE$dEAU$dOCL$dUPM$dOCLCO$dUk$erda
=042  \\$aukblderived
=050  \4$aZ682.4.R44$bT73 2021
=050  \4$aZ682.4.S89$bT73 2021
=082  04$a025.52$223
=245  00$aTraining research consultants :$ba guide for academic libraries /$cedited by Jennifer Torreano and Mary O'Kelly.
=264  \1$aChicago, Illinois :$bAssociation of College and Research Libraries, a division of the American Library Association,$c2021.
=264  \4$c©2021
=300  \\$axvi, 442 pages :$billustrations ;$c26 cm
=336  \\$atext$btxt$2rdacontent
=336  \\$astill image$bsti$2rdacontent
=337  \\$aunmediated$bn$2rdamedia
=338  \\$avolume$bnc$2rdacarrier
=520  \\$a"Whether you're creating a new peer research consulting program in your library or simply looking for fresh ideas for your established program, this book will give you an in-depth look at how fifteen different colleges and universities approach this powerful student-to-student learning experience. Training Research Consultants: A Guide for Academic Libraries is an inspirational collection of perspectives and tools from library leaders who have created and maintained successful programs, plus thoughtful explorations of the theories and motivations that inform peer learning.In four sections--Introduction to Theory and Practice, Library Case Studies, Perspectives from Campus Partners, and Consultant Perspectives--the book covers everything that goes into these increasingly popular research consulting programs: learning theories, the role of research consultants in encouraging student intellectual development, program administration, hiring practices, training, marketing, and assessment. The book ends with two insightful reflections from former research consultants, leaving us with a reminder us of the lasting impact these programs have on the consultants themselves. Though using different job titles and set in different campus contexts, all the programs profiled here have three core factors in common: empowerment of the student employee, robust training with ongoing support from experienced staff, and unwavering confidence in the strength of peer-to-peer mentoring in higher education.Research consultants bring their unique perspective as students to every conversation, and curiosity is key. They become experts in modeling how to embrace fearless exploration as a key part of learning. Searching can be an adventure, and effective consultants are calm, empathetic, and nimble during consultations, eager to try creative new approaches. Many of the best practices in library consulting programs are shared by writing centers, speech labs, and library user experience departments, all three of which contribute their knowledge to this book in a way that highlights the rich collaborative opportunities between core academic support services. With important lessons from these critical partners, plus practical and reproducible hiring and training materials from libraries, Training Research Consultants is an important reference for academic libraries of all kinds"--$cProvided by publisher.
=504  \\$aIncludes bibliographical references.
=505  00$gPART I.$tINTRODUCTION TO THEORY AND PRACTICE.$gChapter 1.$tThe Library : A New Project-Based Learning Classroom /$rAmy Benton ;$gChapter 2.$tHow Research Consultants Can Encourage Student Intellectual Development /$rJennifer Torreano --$gPART II.$tLIBRARY CASE STUDIES.$gCase Study 1.$tResearch and Writing Center at Brigham Young University: Developing Leadership and Collaboration /$rElise SIlva & Suzanne Julian ;$gCase Study 2.$tInformation Commons at Butler University: Committed to Service and Student Development /$rAmanda Starkel ;$gCase Study 3.$tThe LibRAT Program at Cal Poly: Full Partners in Peer Learning /$rBrett Bodemer & Kaila Bussert ;$gCase Study 4. Research Desk Assistants at the College of William and Mary: A Winning Collaboration /$rLauren M. Manninen & Don Welsh ;$gCase Study 5.$tReference Associate Program at Florida State University: Training Future Librarians /$rEmily Zoe Mann ;$gCase Study 6.$tPeer Research Mentors at Gettysburg College.$rClinton Baugess, Mallory Jallas, Meggan Smith, & Janelle Wertzberger ;$gCase Study 7.$tResearch Tutors at Grinnell College: Collaborating and Transforming /$rPhil Jones & Chris Jones ;$gCase Study 8.$tAsk Your PEERS at James Madison University: Developing a Peer Reference Service /$rStefanie W. Warlick, Kelly N. Miller-Martin, & Jonathan R. Paulo ;$gCase Study 9.$tCollaborative Learning at John Carroll University Library /$rAmy Wainwright, Katherine Baker, & Michelle Millet ;$gCase Study 10.$tParallel Pilots at Lewis & Clark College: Augmenting Training vs. Developing an Accredited Practicum /$rDan Kelley ;$gCase Study 11.$tWriting Consultants at the University of Dayton: A Collaborative Cross-Training Approach /$rHeidi Gauder ;$gCase Study 12.$tPeer Research Consultants at the University of Minnesota-Twin Cities: Student-Driven Success /$rKate Peterson, Jody Gray, & Andrew Palahniuk ;$gCase Study 13.$tResearch Mentor Program at UNH Manchester: Peer Learning Partnerships /$rCarolyn White Gamtso, Annie Donahue, & Kimberly Donovan ;$gCase Study 14.$tOn Not Reinventing the Wheel: Borrowing from the Writing Center Peer Consultant Model /$rKate Hinnant & Jill Markgraf --$gPART III.$tPERSPECTIVES FROM CAMPUS COLLABORATORS.$gCollaborators 1.$tNothing in Permanent Except Change: The Adaptive Writing Center Training Model /$rPatrick Johnson & Melanie Rabine ;$gCollaborators 2.$tSpeech Consultants at Grand Valley State University: Empowering Student Voices /$rDanielle R. Leek & Carl J. Brown ;$gCollaborators 3.$tUser Experience at Grand Valley State University: Training Students Who Take the Lead in Staffing the Library's Single Service Point /$rKristin Meyer, Maya Hobscheid, Kristin Kerbavaz, & Kiersten Quilliams --$gPART IV.$tPERSPECTIVES FROM THE CONSULTANTS.$gConsultants 1.$tYou Trust Us With This? /$rSusannah Kopecky ;$gConsultants 2.$tA Reflection on Being a Consultant /$rCaitlin Lewis.
=650  \0$aStudent library assistants$xTraining of.
=650  \0$aReference librarians$xTraining of.
=650  \0$aAcademic libraries$xReference services.
=650  \0$aStudent library assistants$xTraining of$vCase studies.
=650  \0$aReference librarians$xTraining of$vCase studies.
=650  \0$aAcademic libraries$xReference services$vCase studies.
=650  \0$aPeer teaching.
=650  \0$aResearch$xStudy and teaching (Higher)
=650  \7$aStudent library assistants$xTraining of.$2fast$0(OCoLC)fst01135936
=650  \7$aResearch$xStudy and teaching (Higher)$2fast$0(OCoLC)fst01095247
=650  \7$aPeer teaching.$2fast$0(OCoLC)fst01799438
=650  \7$aAcademic libraries$xReference services.$2fast$0(OCoLC)fst00795059
=650  \7$aReference librarians$xTraining of.$2fast$0(OCoLC)fst01092438
=655  \7$aCase studies.$2fast$0(OCoLC)fst01423765
=700  1\$aTorreano, Jennifer,$eeditor.
=700  1\$aO'Kelly, Mary,$eeditor.
=852  11$aBritish Library$bHMNTS$kHUR$h025.52
=CAT  \\$a15184$b40$c20230210$lBLL01$h1148
=CAT  \\$a15989$b40$c20230223$lBLL01$h1150
=CAT  \\$a15989$b40$c20230223$lBLL01$h1151
=CAT  \\$a15989$b40$c20230223$lBLL01$h1213
=CAT  \\$a15989$b40$c20230223$lBLL01$h1216
=FIN  \\$aY$d20230223
=SID  \\$aZ39$bOCLC
=LAS  \\$a15989$b40$c20230223$lBLL01$h1216

