=LDR  05494cam a2200481 i 4500
=001  020960346
=003  Uk
=005  20230228143328.0
=008  210131t20212021ilua\\\\\b\\\\000\0\eng\d
=FMT  \\$a  BK
=010  \\$a  2020951560
=020  \\$a9780838948514$q(paperback)
=020  \\$a0838948510$q(paperback)
=035  \\$a(OCoLC)1235724940$z(OCoLC)1232087469
=040  \\$aUNL$beng$cUNL$dOCLCO$dOCLCF$dKSU$dCDC$dYDX$dGZN$dBDX$dVFL$dOCLCQ$dOCLCO$dFIE$dOSO$dUk$erda
=042  \\$aukblderived
=050  14$aZ675.U5$bA677 2021
=245  00$aApproaches to liaison librarianship :$binnovations in organization and engagement /$cedited by Robin Canuel and Chad Crichton.
=246  3\$aInnovations in organization and engagement
=264  \1$aChicago, Illinois :$bAssociation of College and Research Libraries, a division of the American Library Association,$c2021.
=264  \4$c©2021
=300  \\$avii, 320 pages :$billustrations ;$c23 cm
=336  \\$atext$btxt$2rdacontent
=337  \\$aunmediated$bn$2rdamedia
=338  \\$avolume$bnc$2rdacarrier
=520  \\$a"Liaison librarianship is a well-established system for framing the work and organizational structures of an academic library to effectively meet the needs of faculty and students. But despite its rich history, the precise meaning of liaison librarianship remains somewhat fluid--the size and nature of an academic institution, the library's financial and human resources, and the diversity and size of local programs are only some of the variables that librarians must take into consideration when evaluating a specific liaison model for their library, how to implement it, and how its success will be assessed. Approaches to Liaison Librarianship showcases a number of different implementations of the liaison model, across a range of institutions, and describes in detail many of the tailored programs and services that liaison librarians are so well-positioned to provide"--$cPublisher's description.
=504  \\$aIncludes bibliographical references.
=505  00$tThe establishment and evolution of a liaison librarian program /$rAngela D. Hamilton --$tCreating and managing a new liaison organizational model: strategies for success /$rGary W. White and Yelena Luckert --$tGetting on the change train: facilitating a reframing of the liaison model /$rJeannie Bail and Marc Bragdon --$tCultivating liaison leadership: pathways to management /$rKerry M. Creelman, Andrea R. Malone, Lisa Martin, and Veronica Arellano Douglas --$tA delicate balance: fostering a collaborative work environment in the life of a merged library /$rNatalie Waters --$tBuilding bridges beyond the library: outreach activities for liaison librarians /$rLisa M. Woznicki --$tMove out and move in: an embedded approach to liaison roles /$rHelen Power and Sharon Munro --$tThe embedded instruction liaison librarian: creating a workshop series for future professionals /$rLindsay McNiff --$tBetter together: collaboratively designing and teaching a problem-based public health course /$rLana Mariko Wood --$tResearch in the studio, artists in the stacks: mapping information literacy and the library in a studio arts program /$rLarissa Garcia and Jessica Labatte --$tTelling a compelling story: using the guidelines for primary source literacy to teach students how to critically use original library documents /$rSandy Hervieux --$tThe more we work together: supporting student research through librarian-faculty collaboration in an online graduate course /$rJenny Harris and Catherine Gatewood-Keim --$tExtending our reach: collaborating and creating an e-learning resource for social science graduate students /$rChristena A. McKillop --$tBest of both worlds: transitioning roles for a liaison librarian to an embedded librarian by becoming an adjunct instructor /$rMelissa E. Johnson --$tWorking with faculty development groups: building mutually beneficial relationships to deepen liaison librarian-faculty collaborations /$rTheresa McDevitt, Stephanie Taylor-Davis, and Carrie Bishop --$tUncovering Indigenous knowledge at the cultural interface: liaison-led initiatives to decolonize academic library collections /$rMichael Dudley and April Blackbird --$tSpeaking across silos: understanding the commonalities between subject and functional roles /$rPamella R. Lach, Amanda Lanthorne, and Laurel Bliss --$tLiaison and scholarly communication librarians collaborating to support faculty and students /$rSarah A. Norris, Sandra Avila, and Buenaventura Basco --$tEntrepreneurship unbound: liaison librarians supporting entrepreneurship in the university environment /$rJordan M. Nielsen --$tBeyond the looking glass: applying a futures thinking perspective for managing liaison roles /$rCinthya Ippoliti.
=650  \0$aLiaison librarians.
=650  \0$aAcademic libraries$xRelations with faculty and curriculum.
=650  \0$aLibrary science.
=650  \7$aAcademic libraries$xRelations with faculty and curriculum.$2fast$0(OCoLC)fst00795063
=650  \7$aLiaison librarians.$2fast$0(OCoLC)fst02020134
=650  \7$aLibrary science.$2fast$0(OCoLC)fst00997916
=700  1\$aCanuel, Robin,$eeditor.
=700  1\$aCrichton, Chad,$eeditor.
=852  11$aBritish Library$bHMNTS$kHUR$h027.7
=CAT  \\$a15184$b40$c20230216$lBLL01$h1530
=CAT  \\$a15989$b40$c20230228$lBLL01$h1432
=CAT  \\$a15989$b40$c20230228$lBLL01$h1433
=FIN  \\$aY$d20230228
=SID  \\$aZ39$bOCLC
=LAS  \\$a15989$b40$c20230228$lBLL01$h1433

