=LDR  03068cam a2200433 i 4500
=001  020960347
=003  Uk
=005  20230516120329.0
=008  201005s2020\\\\ilu\\\\\\b\\\\000\0\eng\\
=FMT  \\$a  BK
=010  \\$a  2020044430
=020  \\$a9780838948491$q(trade paperback : acid-free paper)
=020  \\$z9780838948507$q(adobe pdf)
=040  \\$aDLC$beng$cDLC$dDLC$dUk$erda
=042  \\$aukblcatcopy
=050  00$aZ689$b.H38 2020
=082  00$a025.2$223
=100  1\$aHathaway, Deborah,$eauthor.
=245  10$aSudden position guide to acquisitions /$cDeborah Hathaway, Paul Kelsey, Stacey Marien, Susan E. Thomas ; Susan E. Thomas, series editor.
=264  \1$aChicago :$bALCTS Publishing, Association for Library Collections & Technical Services,$c2020.
=300  \\$axiii, 86 pages ;$c24 cm.
=336  \\$atext$btxt$2rdacontent
=337  \\$aunmediated$bn$2rdamedia
=338  \\$avolume$bnc$2rdacarrier
=490  0\$aALCTS sudden position series ;$v#3
=520  \\$a"Depending on the structure of a library, acquisitions may involve or work with collection management, subject librarians, electronic resources, preservation, cataloging, and library administration due to the management and use of collection materials budgets. Acquisitions staff will also be involved in working with material library vendors. Taking on acquisitions responsibilities requires learning how to order materials in a variety of formats; learning basic accounting and budgeting practices; a knowledge of institutional fiscal and procurement policies and practices; along with strong communication skills as acquisitions librarians truly interact with staff in all library departments, as well as outside vendors. Some aspects of the work, such as managing collection budgets, allocations, expenditures, and encumbrances can at times be daunting, especially when end-of-year deadlines are looming. However, the variety of responsibilities that come with acquisitions make this one of the most rewarding service points in a library. If you have just taken on acquisitions responsibilities, you will want to understand the basic concepts and philosophy behind acquisitions work and develop an understanding for the day-to-day workflow"--$cProvided by publisher.
=504  \\$aIncludes bibliographical references.
=505  0\$aWhat You Absolutely Need to Know -- Standards and Best Practices for Acquisitions -- Things You Might Encounter -- Tools of the Trade -- Relevant Resources -- Conclusion.
=650  \0$aAcquisitions (Libraries)
=700  1\$aKelsey, Paul,$eauthor.
=700  1\$aMarien, Stacey,$d1962-$eauthor.
=700  1\$aThomas, Susan E.$c(Librarian),$eauthor.
=776  08$iOnline version:$aHathaway, Deborah.$tSudden position guide to acquisitions$w(DLC) 2020044431$dChicago : ALCTS Publishing, 2020$z9780838948507
=852  11$aBritish Library$bHMNTS$kHUR$h025.2
=CAT  \\$a15184$b40$c20230216$lBLL01$h1533
=CAT  \\$a11002$b40$c20230516$lBLL01$h1203
=FIN  \\$aY$d20230516
=SRC  \\$aBLL02
=LAS  \\$a11002$b40$c20230516$lBLL01$h1203

