=LDR  01584nam a2200433 i 4500
=001  020968972
=003  Uk
=005  20230224150943.0
=008  931116s1950\\\\ii\f\\\\\\\\\\000\0\san\d
=FMT  \\$a  BK
=035  \\$a(OCoLC)81365733
=040  \\$aHLS$beng$cHLS$dOCLCG$dOCLCA$dOCLCF$dOCLCQ$dOCLCA$dOCLCQ$dOCLCO$dUk$erda
=041  1\$asan$aeng$hsan
=042  \\$aukblsr
=100  1\$aRāva, Kṣamā,$d1890-1954,$eauthor.
=240  10$aTukārāmacarita
=245  10$aTukārāmacaritam /$cwith English translation by Rāu Kṣamā.
=264  \1$aBombay :$bHind kitabs,$c1950.
=300  \\$ai, ii, 43, 60 pages, 1 plate ;$c4o
=336  \\$atext$2rdacontent
=337  \\$aunmediated$2rdamedia
=338  \\$avolume$2rdacarrier
=546  \\$aSanskrit text with English translation.
=650  \0$aSanskrit poetry.
=650  \7$aSanskrit poetry.$2fast$0(OCoLC)fst01105263
=600  00$aTukārāma,$dapproximately 1608-approximately 1649$xBiography.
=600  07$aTukārāma,$dapproximately 1608-approximately 1649$2fast$0(OCoLC)fst01851870
=852  \\$aBritish Library$bOC$h14072.cc.87
=CAT  \\$a14188$b40$c20230222$lBLL01$h1520
=CAT  \\$a14188$b40$c20230222$lBLL01$h1521
=CAT  \\$a14188$b40$c20230222$lBLL01$h1522
=CAT  \\$a14188$b40$c20230222$lBLL01$h1523
=CAT  \\$a14188$b40$c20230222$lBLL01$h1523
=CAT  \\$a14188$b40$c20230222$lBLL01$h1717
=CAT  \\$a14188$b40$c20230222$lBLL01$h1717
=CAT  \\$a12887$b40$c20230224$lBLL01$h1509
=FIN  \\$aY$d20230224
=SID  \\$aZ39$bOCLC
=LAS  \\$a12887$b40$c20230224$lBLL01$h1509

