=LDR  01483cam a2200385 i 4500
=001  020970987
=003  Uk
=005  20231006150120.0
=008  220421s2018\\\\cc\\\\\\\\\\\\000\0\chi\d
=FMT  \\$a  BK
=020  \\$a9787573302861
=020  \\$a7540980672
=035  \\$a(OCoLC)1319808836
=040  \\$aCNPIT$beng$cCNPIT$erda
=245  00$6880-01$aZang zu mei shu ji cheng.$pHui hua yi shu.$pBi hua, Sichuan juan.$n2 (Zang Han dui zhao) /$c"Zang zu mei shu ji cheng" bian zhuan wei yuan hui bian.
=246  30$6880-02$aHui hua yi shu
=246  30$6880-03$aBi hua, Sichuan juan
=250  \\$6880-04$aDi 1 ban.
=264  \1$6880-05$aChengdu :$bSichuan min zu chu ban she,$c2018.
=300  \\$a1 volume ;$c26 cm
=336  \\$atext$btxt$2rdacontent
=337  \\$aunmediated$bn$2rdamedia
=338  \\$avolume$bnc$2rdacarrier
=710  2\$6880-06$a"Zang zu mei shu ji cheng" bian zhuan wei yuan hui,$eeditor.
=880  00$6245-01$a藏族美术集成.$p绘画艺术.$p壁画·四川卷.$n2(藏汉对照) /$c《藏族美术集成》编撰委员会编.
=880  30$6246-02$a绘画艺术
=880  30$6246-03$a壁画·四川卷
=880  \\$6250-04$a第1版.
=880  \1$6264-05$a成都 :$b四川民族出版社,$c2018.
=880  2\$6710-06$a《藏族美术集成》编撰委员会,$eeditor.
=852  \\$xdeleted
=CAT  \\$a10503$b40$c20230227$lBLL01$h1227
=CAT  \\$a14760$b40$c20231006$lBLL01$h1501
=SID  \\$aZ39$bOCLC
=LAS  \\$a14760$b40$c20231006$lBLL01$h1501

