=LDR  03107cam a2200565 i 4500
=001  020971012
=003  Uk
=005  20231013175951.0
=008  190215m20179999cc\a\\\\\\\\\\001\0\tib\d
=FMT  \\$a  BK
=020  \\$a9787540980986$q(volume 2)
=020  \\$a7540980982$q(volume 2)
=035  \\$a(OCoLC)1086275025
=040  \\$aBCBTC$beng$cBCBTC$dPAU$dOCLCF$dZCU$dOCLCQ$dZYU$dOCLCO$dCNEAL$dUk$erda
=041  1\$atib$achi$htib
=043  \\$aa-cc---
=245  00$6880-01$aZang zu mei shu ji cheng.$pHui hua yi shu.$pBan hua juan /$cWang Jiapeng, Zong Xusheng zhu bian ; "Zang zu mei shu ji cheng" bian zhuan wei yuan hui = Bod kyi mdzes rtsal kun btus. Ri mo sgyu rtsal. Thang par gyi skor / Wang Ca-pheng dang Tsung Zhis-hrin gyis gtso sgrig byas ; Rdo-rjes Bod yig tu bsgyur ; Bod kyi mdzes rtsal kun btus kyi rtsom sgrig tshogs pas bsgrigs.
=246  30$6880-02$aHui hua yi shu.$pBan hua juan
=246  31$aBod kyi mdzes rtsal kun btus.$pRi mo sgyu rtsal.$pThang par gyi skor
=250  \\$6880-03$aDi 1 ban.
=264  \1$6880-04$aChengdu :$bSichuan min zu chu ban she,$c2017-
=300  \\$avolumes :$billustrations ;$c35 cm
=336  \\$atext$btxt$2rdacontent
=337  \\$aunmediated$bn$2rdamedia
=338  \\$avolume$bnc$2rdacarrier
=500  \\$aIncludes index.
=500  \\$6880-05$aZang Han dui zhao
=546  \\$aParallel Tibetan text and Chinese translation.
=650  \0$aWood-engraving, Tibetan$zTibet Region.
=650  \0$aWood-engraving, Tibetan$zChina.
=650  \6$aGravure sur bois tibétaine$zTibet historique.
=650  \6$aGravure sur bois tibétaine$zChine.
=651  \7$aChina.$2fast$0(OCoLC)fst01206073
=700  1\$6880-06,$aWang, Jiapeng.$eeditor.
=700  1\$6880-07,$aZong, Xusheng.$eeditor.
=710  2\$6880-08$a"Zang zu mei shu ji cheng" bian zhuan wei yuan hui,$eeditor.
=880  00$6245-01$a藏族美术集成.$p绘画艺术.$p版画卷 /$c王家鹏, 宗绪盛主编 ; 《藏族美术集成》编撰委员会编 = Bod kyi mdzes rtsal kun btus. Ri mo sgyu rtsal. Thang par gyi skor / Wang Ca-pheng dang Tsung Zhis-hrin gyis gtso sgrig byas ; Rdo-rjes Bod yig tu bsgyur ; Bod kyi mdzes rtsal kun btus kyi rtsom sgrig tshogs pas bsgrigs.
=880  30$6246-02$a绘画艺术.$p版画卷
=880  \\$6250-03$a第1版.
=880  \1$6264-04$a成都 :$b四川民族出版社,$c2017-
=880  \\$6500-05$a藏汉对照
=880  \\$6520-00$a"藏族美术集成"是新闻出版总署审批的一项国家出版基金资助重点出版项目.是藏族艺术类图书出版迄今为止美术价值很为重大, 涉及领域很为广泛, 项目规模很为宏大的一项大型图集.本卷收录了纳塘寺的版画53套, 近三百张图片, 整体, 细节皆有表现, 雕刻精美, 极具出版价值.
=880  1\$6700-06$a王家鹏,$eeditor.
=880  1\$6700-07$a宗绪盛,$eeditor.
=880  2\$6710-08$a"藏族美术集成"编撰委员会,$eeditor.
=852  \\$xdeleted
=CAT  \\$a10503$b40$c20230227$lBLL01$h1340
=CAT  \\$a14760$b40$c20231013$lBLL01$h1759
=SID  \\$aZ39$bOCLC
=LAS  \\$a14760$b40$c20231013$lBLL01$h1759

