=LDR  01605cam a2200397 i 4500
=001  020971030
=003  Uk
=005  20230929162240.0
=008  190620s2019\\\\cc\\\\\\\\\\\\000\0\chi\d
=FMT  \\$a  BK
=020  \\$a9787540980313
=020  \\$a7540980311
=035  \\$a(OCoLC)1105949286
=040  \\$aCNPIT$beng$cCNPIT$erda
=245  00$6880-01$aZang zu mei shu ji cheng.$pHui hua yi shu (Zang Han dui zhao).$pTang ka.$pGesa'er juan.$n2 /$cBen shu bian zhuan wei yuan hui bian.
=246  30$6880-02$aHui hua yi shu
=246  30$6880-03$aTang ka
=246  30$6880-04$aGesa'er juan
=250  \\$6880-05$aDi 1 ban.
=264  \1$6880-06$aChengdu :$bSichuan min zu chu ban she,$c2019.
=300  \\$a1 volume ;$c34 cm
=336  \\$atext$btxt$2rdacontent
=337  \\$aunmediated$bn$2rdamedia
=338  \\$avolume$bnc$2rdacarrier
=880  00$6245-01$a藏族美术集成.$p绘画艺术(藏汉对照).$p唐卡.$p格萨尔卷.$n2 /$c本书编撰委员会编.
=880  30$6246-02$a绘画艺术
=880  30$6246-03$a唐卡
=880  30$6246-04$a格萨尔卷
=880  \\$6250-05$a第1版.
=880  \1$6264-06$a成都 :$b四川民族出版社,$c2019.
=880  \\$6520-00$a"藏族美术集成"是新闻出版总署审批的一项国家出版基金资助重点出版项目.是藏族艺术类图书出版迄今为止美术价值最为重大,涉及领域最为广泛,项目规模最为宏大的一项大型图集.
=852  \\$xdeleted
=CAT  \\$a10503$b40$c20230227$lBLL01$h1400
=CAT  \\$a14760$b40$c20230929$lBLL01$h1622
=SID  \\$aZ39$bOCLC
=LAS  \\$a14760$b40$c20230929$lBLL01$h1622

