=LDR  01664cam a2200493 i 4500
=001  020972056
=003  Uk
=005  20230602115554.0
=007  t|
=008  230216t20232023enka\\\\\b\\\\001|0|eng|d
=FMT  \\$a  BK
=015  \\$aGBC343984$2bnb
=016  7\$a020972056$2Uk
=020  \\$a9781108833769$q(hardback)$c£49.99
=020  \\$z9781108981491$q(PDF ebook)$c£145.00
=020  \\$z9781108992152$q(PDF ebook)$cNo price
=040  \\$aStDuBDS$beng$cStDuBDS$dUk$erda
=042  \\$aukblcatcopy
=082  04$a792.82$223
=100  1\$aMontesi, Fabrizio,$d1984-$eauthor.
=245  10$aIntroduction to choreographies /$cFabrizio Montesi.
=264  \1$aCambridge :$bCambridge University Press,$c2023.
=264  \4$c©2023
=300  \\$axiv, 229 pages :$billustrations ;$c27 cm
=336  \\$atext$2rdacontent
=336  \\$astill image$2rdacontent
=337  \\$aunmediated$2rdamedia
=338  \\$avolume$2rdacarrier
=530  \\$aAlso issued online.
=504  \\$aIncludes bibliographical references and index.
=500  \\$aFormerly CIP.$5Uk
=650  \0$aChoreography$xPhilosophy.
=776  08$iebook version :$z9781108981491
=852  11$aBritish Library$bHMNTS$k(B)$h792.82
=CAT  \\$aBATCH-CIPN$b00$c20230228$lBLL01$h1700
=CAT  \\$aBATCH-CIPC$b00$c20230516$lBLL01$h1701
=CAT  \\$aBATCH-016$c20230517$lBLL01$h2156
=CAT  \\$aBATCH-CIPC$b00$c20230530$lBLL01$h1701
=CAT  \\$aBATCH-016$c20230531$lBLL01$h2158
=CAT  \\$a11373$b40$c20230601$lBLL01$h1326
=CAT  \\$a8317$b40$c20230602$lBLL01$h1155
=CAT  \\$a8317$b40$c20230602$lBLL01$h1155
=FIN  \\$aY$d20230602
=LAS  \\$a8317$b40$c20230602$lBLL01$h1155

