=LDR  01650cam a2200457 i 4500
=001  020983439
=003  Uk
=005  20230929215114.0
=008  230105s2023\\\\enka\\\\\b\\\|0|1|0|eng\d
=FMT  \\$a  BK
=015  \\$aGBC349339$2bnb
=016  7\$a020983439$2Uk
=020  \\$a9781398608986$qhardback
=020  \\$a9781398608962$qpaperback
=020  \\$z9781398608979$qePub ebook
=040  \\$aStDuBDS$beng$cStDuBDS$dUk$erda
=042  \\$aukblsr
=082  04$a332.10285$223
=100  1\$aPejic, Igor,$eauthor.$1https://isni.org/isni/000000036225384X
=245  10$aBig Tech in finance :$bhow to prevail in the age of blockchain, digital currencies and Web3 /$cIgor Pejic.
=264  \1$aLondon :$bKoganPage,$c2023.
=300  \\$avii, 286 pages :$billustrations (black and white) ;$c24 cm
=336  \\$atext$2rdacontent
=337  \\$aunmediated$2rdamedia
=338  \\$avolume$2rdacarrier
=530  \\$aAlso issued online.
=504  \\$aIncludes bibliographical references and index.
=500  \\$aFormerly CIP.$5Uk
=650  \0$aFinancial services industry$xTechnological innovations.
=650  \0$aElectronic commerce.
=650  \0$aBusiness enterprises$xTechnological innovations.
=650  \0$aBlockchains (Databases)
=690  7\$aManagement and Business Studies$2blcoll
=776  08$iebook version :$z9781398608979
=852  11$aBritish Library$bSTI$cBIPC
=CAT  \\$aBATCH-CIPN$b00$c20230307$lBLL01$h1701
=CAT  \\$a11131$b40$c20230920$lBLL01$h1107
=CAT  \\$a11014$b40$c20230926$lBLL01$h0955
=CAT  \\$aBATCH-MBS$c20230929$lBLL01$h2151
=FIN  \\$aY$d20230920
=LAS  \\$aBATCH-MBS$b00$c20230929$lBLL01$h2151

