=LDR  02041cam a2200541 i 4500
=001  021015968
=003  Uk
=005  20230729125855.0
=007  t|
=008  230315s2022\\\\enka\\\\\b\\\\001\0\eng\d
=FMT  \\$a  BK
=015  \\$aGBC370037$2bnb
=016  7\$a021015968$2Uk
=020  \\$z9781785615436$qset$qhardback
=020  \\$z9781785615399$qhardback$qvolume 1$c£125.00
=020  \\$z9781785615405$qPDF ebook$c£125.00
=020  \\$z9781785615412$qhardback$qvol 2$c£145.00
=020  \\$z9781785615429$qPDF ebook$c£145.00
=020  \\$qebook version :$z9781785615405
=040  \\$aStDuBDS$beng$cStDuBDS$dUk$erda
=082  04$a551.5632$223
=245  00$aLightning electromagnetics /$cedited by Vernon Cooray, Farhad Rachidi, Marcos Rubinstein.
=250  \\$aSecond edition.
=264  \1$aStevenage :$bInstitution of Engineering and Technology,$c2022.
=300  \\$a2 volumes :$billustrations (black and white, and colour) ;$c24 cm.
=336  \\$atext$2rdacontent
=337  \\$aunmediated$2rdamedia
=338  \\$avolume$2rdacarrier
=490  0\$aIET Energy engineering series ;$v127
=504  \\$aIncludes bibliographical references and index.
=505  0\$av. 1. Return stroke modelling and electromagnetic radiation -- v. 2. Electrical processes and effects.
=650  \0$aLightning.
=650  \0$aElectromagnetism.
=650  \0$aElectromagnetic waves.
=700  1\$aCooray, Vernon,$eeditor.
=700  1\$aRachidi, Farhad,$d1962-$eeditor.
=700  1\$aRubinstein, Marcos,$d1960-$eeditor.
=852  11$aBritish Library$bHMNTS$k(B)$h551.5632
=852  11$aBritish Library$bHMNTS$k(B)$h551.5632
=CAT  \\$aBATCH-CIPN$b00$c20230404$lBLL01$h1701
=CAT  \\$a11373$b40$c20230721$lBLL01$h0838
=CAT  \\$a11373$b40$c20230721$lBLL01$h0846
=CAT  \\$a11312$b40$c20230724$lBLL01$h1216
=CAT  \\$a11312$b40$c20230725$lBLL01$h1023
=CAT  \\$a8256$b40$c20230729$lBLL01$h1245
=CAT  \\$a8256$b40$c20230729$lBLL01$h1258
=FIN  \\$aY$d20230729
=LAS  \\$a8256$b40$c20230729$lBLL01$h1258

