=LDR  02504nam a2200541 i 4500
=001  021029878
=003  Uk
=005  20230421124352.0
=008  210824s2018\\\\ii\\\\\\\d\\\\000\0\tibod
=FMT  \\$a  BK
=035  \\$a(OCoLC)1266212296
=040  \\$aDKAGE$beng$cDKAGE$dOCLCO$dOCLCF$dOCL$erda
=041  0\$atib$aeng
=245  00$aIna Bod shan sbyar gtan ʼbebs brda chad =$bGlossary of standardised terms (Nges tshig mnyam sbrags) /$cspyi khyab rtsom sgrig pa, O-rgyan Bstan ʼdzin ; rtsom sgrig las rogs, Dbu ma ba ʼphrin las, Bstan dzin rab rgyas, Ngag dbang bstan ʼdzin ; kam-puṭar spyi sgrom lam ston pa, Padma ʼdzoms skyid ; mnyen chas slob ston pa, Rgan blo bzang smon lam, Dge 'dun don yod.
=246  30$aNges tshig mnyam sbrags
=246  31$aGlossary of standardised terms
=246  15$aGlossary of standardised terms.$pWith Tibetan definitions
=250  \\$aPar gzhi dang po.
=264  \1$a[Dharamsala] :$bBrda-chad Gtan-bebs Las-'char, Dbus Bod mi'i sgrig 'dzugs kyi shes rig las lhas-khungs,$c2018.
=300  \\$axxi, 306 pages ;$c23 cm.
=336  \\$atext$2rdacontent
=337  \\$aunmediated$2rdamedia
=338  \\$avolume$2rdacarrier
=490  1\$aBrda chad deb phreng ;$vbcu gnyis pa =$aTTP Serial ;$v12
=520  \\$aGlossary of standardised terms with Tibetan definitions.
=546  \\$aTibetan and English.
=650  \0$aTibetan language$vGlossaries, vocabularies, etc.
=650  \0$aTibetan language$xTerms and phrases.
=650  \0$aEnglish language$vDictionaries$xTibetan.
=650  \6$aTibétain (Langue)$vGlossaires, vocabulaires, etc.
=650  \6$aTibétain (Langue)$xMots et locutions.
=650  \7$aEnglish language.$2fast$0(OCoLC)fst00910920
=650  \7$aTibetan language.$2fast$0(OCoLC)fst01150641
=655  \7$aDictionaries.$2fast$0(OCoLC)fst01423826
=655  \7$aGlossaries, vocabularies, etc.$2fast$0(OCoLC)fst01423786
=700  0\$aO-rgyan-bstan-ʾdzin,$eeditor.
=710  2\$aBrda-chad Gtan-bebs Las-ʾchar,$eissuing body.
=710  2\$aCentral Tibetan Administration-in-Exile (India).$bDepartment of Education,$eissuing body.
=830  \0$aBrda chad deb phreṅ ;$v12.
=852  \\$xdeleted
=CAT  \\$a14760$b40$c20230421$lBLL01$h1238
=CAT  \\$a14760$b40$c20230421$lBLL01$h1240
=CAT  \\$a14760$b40$c20230421$lBLL01$h1241
=CAT  \\$a14760$b40$c20230421$lBLL01$h1241
=CAT  \\$a14760$b40$c20230421$lBLL01$h1243
=FIN  \\$aY$d20230421
=SID  \\$aZ39$bOCLC
=LAS  \\$a14760$b40$c20230421$lBLL01$h1243

