=LDR  01687pam a2200481 i 4500
=001  021047979
=003  Uk
=005  20231006092111.0
=007  t|
=008  230502t20232023enkab\\\\b\\\\001|0|eng|d
=FMT  \\$a  BK
=015  \\$aGBC389175$2bnb
=016  7\$a021047979$2Uk
=020  \\$a9781108831147$q(hardback)$c£125.00
=020  \\$a9781108926386$q(paperback)$c£54.99
=020  \\$z9781108923361$q(ebook)$c£325.00
=040  \\$aStDuBDS$beng$cStDuBDS$dUk$erda
=042  \\$aukblcatcopy
=082  04$a612.8233$223
=100  1\$aBanich, Marie T.,$d1957-$eauthor.$1https://isni.org/isni/0000000121382990
=245  10$aCognitive neuroscience.
=250  \\$aFifth edition /$bMarie T. Banich, Rebecca J. Compton.
=264  \1$aCambridge :$bCambridge University Press,$c2023.
=264  \4$c©2023
=300  \\$axviii, 650 pages :$billustrations, maps ;$c29 cm
=336  \\$atext$2rdacontent
=336  \\$astill image$2rdacontent
=337  \\$aunmediated$2rdamedia
=338  \\$avolume$2rdacarrier
=500  \\$aPrevious edition: 2018.
=504  \\$aIncludes bibliographical references and index.
=530  \\$aAlso issued online.
=500  \\$aFormerly CIP.$5Uk
=650  \0$aCognitive neuroscience.
=700  1\$aCompton, Rebecca J.$q(Rebecca Jean),$eauthor.$1https://isni.org/isni/000000035632420X
=776  08$iebook version :$z9781108923361
=852  11$aBritish Library$bHMNTS$k(B)$h612.8233
=CAT  \\$aBATCH-CIPN$b00$c20230509$lBLL01$h1700
=CAT  \\$a16407$b40$c20231005$lBLL01$h1346
=CAT  \\$a8317$b40$c20231006$lBLL01$h0921
=CAT  \\$a8317$b40$c20231006$lBLL01$h0921
=FIN  \\$aY$d20231006
=LAS  \\$a8317$b40$c20231006$lBLL01$h0921

