=LDR  02678cam a2200409 i 4500
=001  021049871
=003  Uk
=005  20230519215505.0
=008  230511s2023\\\\ch\a\\\\\b\\\|0|1\0|eng\\
=FMT  \\$a  BK
=015  \\$aGBC391014$2bnb
=016  7\$a021049871$2Uk
=020  \\$a9781098113827$qpaperback
=040  \\$aUk$beng$cUk$dUk$erda
=042  \\$aukblsr
=082  04$a658.478$223
=100  1\$aShortridge, Kelly,$eauthor.
=245  10$aSecurity chaos engineering :$bsustaining resilience in software and systems /$cKelly Shortridge with Aaron Rinehart.
=250  \\$aFirst edition.
=264  \1$aBeijing :$bO'Reilly,$cMarch 2023.
=300  \\$axix, 406 pages :$billustrations (black and white) ;$c24 cm
=336  \\$atext$2rdacontent
=337  \\$aunmediated$2rdamedia
=338  \\$avolume$2rdacarrier
=504  \\$aIncludes bibliographical references and index.
=520  \\$aCybersecurity is broken. Year after year, attackers remain unchallenged and undeterred, while engineering teams feel pressure to design, build, and operate "secure" systems. Failure can't be prevented, mental models of systems are incomplete, and our digital world constantly evolves. How can we verify that our systems behave the way we expect? What can we do to improve our systems' resilience? In this comprehensive guide, authors Kelly Shortridge and Aaron Rinehart help you navigate the challenges of sustaining resilience in complex software systems by using the principles and practices of security chaos engineering. By preparing for adverse events, you can ensure they don't disrupt your ability to innovate, move quickly, and achieve your engineering and business goals. Learn how to design a modern security program Make informed decisions at each phase of software delivery to nurture resilience and adaptive capacity Understand the complex systems dynamics upon which resilience outcomes depend Navigate technical and organizational trade-offsthat distort decision making in systems Explore chaos experimentation to verify critical assumptions about software quality and security Learn how major enterprises leverage security chaos engineering.
=650  \7$aComputer security$xManagement.$2fast$0(OCoLC)fst00872493
=690  7\$aManagement and Business Studies$2blcoll
=700  1\$aRinehart, Aaron,$eauthor.
=852  11$aBritish Library$bHMNTS$k(B)$h658.478
=CAT  \\$a6524$b40$c20230511$lBLL01$h0843
=CAT  \\$a9666$b40$c20230512$lBLL01$h1400
=CAT  \\$a9666$b40$c20230512$lBLL01$h1400
=CAT  \\$aBATCH-016$c20230517$lBLL01$h2157
=CAT  \\$aBATCH-MBS$c20230519$lBLL01$h2155
=FIN  \\$aY$d20230512
=LAS  \\$aBATCH-MBS$b00$c20230519$lBLL01$h2155

