=LDR  01381cas a22003857i 4500
=001  021050063
=003  Uk
=005  20230519215505.0
=007  ta
=008  141120c19uu9999enkuu\\\\\\\\\0\\\a0eng\\
=FMT  \\$a  SE
=040  \\$aUk$beng$cUk$erda
=082  04$a381.02941$223
=110  2\$aBoots (Drugstore : Great Britain),$eauthor.
=245  10$a[Trade literature] /$cBoots.
=246  13$aChristmas gift guide
=246  13$aChristmas collection
=264  \1$aNottingham :$bBoots UK Limited
=336  \\$atext$2rdacontent
=337  \\$aunmediated$2rdamedia
=338  \\$avolume$2rdacarrier
=588  \\$aDescription based on: Christmas gift guide, 2017.
=588  \\$aLatest issue consulted: Christmas gift guide, 2022.
=610  27$aBoots (Drugstore : Great Britain)$2fast$0(OCoLC)fst02014381
=650  \7$aTrade literature.$2fast$0(OCoLC)fst01737364
=655  \7$aPeriodicals.$2fast$0(OCoLC)fst01411641
=690  7\$aManagement and Business Studies$2blcoll
=852  71$aBritish Library$bSTI$cBIPC$kTrade Literature$32017, 2019, 2022
=985  \\$aCompany trade literature collection level record.
=CAT  \\$a8124$b40$c20230511$lBLL01$h1455
=CAT  \\$a8124$b40$c20230511$lBLL01$h1527
=CAT  \\$aBATCH-MBS$c20230519$lBLL01$h2155
=FIN  \\$aY$d20230511
=LET  \0$aTrade literature for Boots Uk Limited
=LAS  \\$aBATCH-MBS$b00$c20230519$lBLL01$h2155

