=LDR  01725ncm a2200337 i 4500
=001  021050064
=003  Uk
=005  20230511145618.0
=008  230429s2023\\\\gw\uum\\\\\\\\\n\\\\mul\d
=FMT  \\$a  MU
=024  2\$a9790502652586$qsaddle stitched
=028  30$aEW 1258$bEdition Walhall
=035  \\$a(OCoLC)1378005101
=040  \\$aOHX$beng$cOHX
=072  \7$aM$2lcco
=245  00$aOriginalkompositionen für Sopran oder Tenor, 2-3 Blockflöten und Basso continuo /$cvon S. Akeroyde, C. A. Badia, R. Keiser, J. Krieger, M. Rohde, G. Ph. Telemann und F. W. Zachow ; herausgegeben von Klaus Hofmann und Peter Thalheimer.
=264  \1$aMagdeburg :$bEdition Walhall,$c[2023]
=264  \4$c©2023
=300  \\$a2 scores + 3 parts ;$c30 cm
=336  \\$anotated music$bntm$2rdacontent
=337  \\$aunmediated$bn$2rdamedia
=338  \\$avolume$bnc$2rdacarrier
=490  0\$aFlauto e voce : Originalkompositionen des 17. und 18. Jahrhunderts für Singstimme, 1-6 Blockflöten und Bc ;$vHeft 21
=500  \\$aFigured bass realized for keyboard instrument.
=500  \\$aPreface, notes on sources and critical remarks in German and English.
=505  0\$aHier fliegen Vögel hin / Georg Philipp Telemann -- Gott giebet seinen Regen / Johann Krieger -- Welt und Himmel singt mich an / Friedrich Wilhelm Zachow -- Ihr zaubernde Triebe / Reinhard Keiser -- Beneath an umfrequented shade / Samuel Akeroyde -- Augellin vago e canoro / Carlo Agostino Badia -- Reine Liebe wanket nicht / Michael Rohde.
=546  \\$aGerman and/or English translations printed separately.
=852  41$aBritish Library$bDSC$cMUSIC
=CAT  \\$a8870$b40$c20230511$lBLL01$h1456
=SID  \\$aZ39$bOCLC
=LAS  \\$a8870$b40$c20230511$lBLL01$h1456

