=LDR  00700ncm a2200193 i 4500
=001  021050075
=003  Uk
=005  20230511152236.0
=008  230511q20142020enkopk\\\||||||n\\\\eng\\
=FMT  \\$a  MU
=040  \\$aUk$beng$cUk$erda
=100  1\$aBalfe, M. W.$q(Michael William),$d1808-1870,$ecomposer.
=245  10$aSatanella :$bopera in four acts /$cthe words by Edmund Falconer & Augustus Harris ; the music by Balfe.
=250  \\$aChorus vocal score.
=264  \1$a[Wilmslow] :$bVictorian Opera Northwest,$c[between 2014 and 2020]
=300  \\$a1 vocal score (268 pages) ;$c30 cm
=852  41$aBritish Library$bDSC$cMUSIC
=CAT  \\$a8870$b40$c20230511$lBLL01$h1522
=LAS  \\$a8870$b40$c20230511$lBLL01$h1522

