=LDR  01399cas a22003977i 4500
=001  021050077
=003  Uk
=005  20230526221419.0
=007  ta
=008  141120c199u9999enkuu\\\\\\\\\0\\\a0eng\\
=FMT  \\$a  SE
=040  \\$aUk$beng$cUk$erda
=082  04$a381.02941$223
=110  2\$aLakeland (Firm),$eauthor.
=245  10$a[Trade literature] /$cLakeland.
=246  13$aLakeland
=264  \1$aWindermere :$bLakeland
=336  \\$atext$2rdacontent
=337  \\$aunmediated$2rdamedia
=338  \\$avolume$2rdacarrier
=588  \\$aDescription based on: Lakeland, Christmas 2017.
=588  \\$aLatest issue consulted: Lakeland, Christmas 2021.
=610  27$aLakeland (Firm)$2fast
=650  \7$aTrade literature.$2fast$0(OCoLC)fst01737364
=655  \7$aCatalogs.$2fast$0(OCoLC)fst01423692
=655  \7$aPeriodicals.$2fast$0(OCoLC)fst01411641
=690  7\$aManagement and Business Studies$2blcoll
=852  71$aBritish Library$bSTI$cBIPC$kTrade Literature$3Christmas (2017), Summer (2021)-Christmas (2021)
=985  \\$aCompany trade literature collection level record.
=CAT  \\$a8124$b40$c20230511$lBLL01$h1529
=CAT  \\$a8124$b40$c20230511$lBLL01$h1530
=CAT  \\$a8871$b40$c20230516$lBLL01$h1414
=CAT  \\$aBATCH-MBS$c20230526$lBLL01$h2214
=FIN  \\$aY$d20230511
=LET  \0$aTrade literature for Lakeland Limited
=LAS  \\$aBATCH-MBS$b00$c20230526$lBLL01$h2214

