=LDR  02001cam a2200529 i 4500
=001  021056603
=003  Uk
=005  20230718135219.0
=008  220209t20222022bcca\\\\\b\\\\000\0\eng\d
=FMT  \\$a  BK
=020  \\$a103911914X$q(hardcover)
=020  \\$a9781039119147$q(hardcover)
=020  \\$a1039119131$q(paperback)
=020  \\$a9781039119130$q(paperback)
=020  \\$z9781039119154 (ebook)
=035  \\$a(OCoLC)1295806291$z(OCoLC)1295568895$z(OCoLC)1295570287$z(OCoLC)1295700643$z(OCoLC)1295701570$z(OCoLC)1295806998
=040  \\$aYDX$beng$cYDX$dX#4$dOCLCF$dIMD$dIK2$dUk$erda
=042  \\$aukblderived
=082  04$a618.92852$223
=100  1\$aGeddes, Chuck,$eauthor.
=245  10$aChildren and complex trauma :$ba roadmap for healing and recovery /$cChuck Gebbes, Ph.D.
=250  \\$aFirst edition.
=264  \1$aVictoria, BC :$bFriesenPress,$c2022.
=264  \4$c©2022
=300  \\$avii, 196 pages :$bcolor illustrations ;$c23 cm
=336  \\$atext$btxt$2rdacontent
=336  \\$astill image$bsti$2rdacontent
=337  \\$aunmediated$bn$2rdamedia
=338  \\$avolume$bnc$2rdacarrier
=530  \\$aAlso issued online.
=504  \\$aIncludes bibliographical references.
=650  \0$aPsychic trauma in children$xTreatment.
=650  \0$aBehavior modification.
=650  \0$aChild development.
=650  \0$aChildren$xConduct of life.
=650  \7$aBehavior modification.$2fast$0(OCoLC)fst00829918
=650  \7$aChild development.$2fast$0(OCoLC)fst00854393
=650  \7$aChildren$xConduct of life.$2fast$0(OCoLC)fst00854871
=650  \7$aPsychic trauma in children$xTreatment.$2fast$0(OCoLC)fst01081228
=655  \7$aSelf-help publications.$2fast$0(OCoLC)fst01941328
=655  \7$aSelf-help publications.$2lcgft
=852  11$aBritish Library$bHMNTS$k(B)$h618.92852
=CAT  \\$a10904$b40$c20230518$lBLL01$h1537
=CAT  \\$a11131$b40$c20230718$lBLL01$h1352
=FIN  \\$aY$d20230718
=SID  \\$aZ39$bOCLC
=LAS  \\$a11131$b40$c20230718$lBLL01$h1352

