=LDR  02953cam a2200493 i 4500
=001  021056947
=003  Uk
=005  20230714143239.0
=008  220131t20222022sz\\\\\\\b\\\\000\0\eng\d
=FMT  \\$a  BK
=020  \\$a9783030966737$q(hardcover)
=020  \\$a3030966739$q(hardcover)
=020  \\$z9783030966744$q(eBook)
=020  \\$z3030966747$q(eBook)
=035  \\$a(OCoLC)1294289117$z(OCoLC)1293845430$z(OCoLC)1293896345$z(OCoLC)1293933082$z(OCoLC)1294125083$z(OCoLC)1294138278$z(OCoLC)1294219570
=040  \\$aYDX$beng$cYDX$dINU$dOCLCF$dUk$erda
=042  \\$aukblderived
=050  \4$aHE147.65$b.L64 2022
=082  04$a388$223
=100  1\$aLogan, Kathryn G.,$eauthor.
=245  10$aTransportation in a net zero world :$btransitioning towards low carbon public transport /$cKathryn G. Logan, Astley Hastings, John D. Nelson.
=264  \1$aCham, Switzerland :$bSpringer,$c[2022]
=264  \4$c©2022
=300  \\$axiv, 115 pages ;$c24 cm.
=336  \\$atext$btxt$2rdacontent
=337  \\$aunmediated$bn$2rdamedia
=338  \\$avolume$bnc$2rdacarrier
=490  1\$aGreen energy and technology,$x1865-3537
=504  \\$aIncludes bibliographical references.
=520  \\$a"This book discusses the importance of transitioning from conventionally fuelled, electric and hydrogen personal vehicles towards low carbon electric and hydrogen public transport. It presents international comparisons and case studies of countries who have successfully and unsuccessfully implemented policies to reduce their emissions from land-based transport. It discusses and provides policy recommendations to meet a net zero transport world by exploring potential issues, including infrastructure changes and electricity generation mix which may prevent targets being met successfully. The book also demonstrates how the COVID-19 pandemic has influenced individual transport choices and what will need to be done to ensure travel remains sustainable going forward. Aligned with an active area of academic and civil discourse on the topic of sustainable transportation systems, Transportation in a Net Zero World will be of interest to researchers, policy makers, and graduate students alike, in the fields of environmental science and transport studies."--$cProvided by publisher.
=650  \0$aSustainable transportation.
=650  \0$aTransportation$xEnvironmental aspects.
=650  \7$aSustainable transportation.$2fast$0(OCoLC)fst02024706
=650  \7$aTransportation$xEnvironmental aspects.$2fast$0(OCoLC)fst01155056
=700  1\$aHastings, Astley,$eauthor.
=700  1\$aNelson, John$q(John Donald),$eauthor.
=830  \0$aGreen energy and technology.
=852  11$aBritish Library$bHMNTS$k(B)$h388
=CAT  \\$a10904$b40$c20230519$lBLL01$h1408
=CAT  \\$a15989$b40$c20230711$lBLL01$h1134
=CAT  \\$a11002$b40$c20230714$lBLL01$h1432
=FIN  \\$aY$d20230711
=SID  \\$aZ39$bOCLC
=LAS  \\$a11002$b40$c20230714$lBLL01$h1432

