=LDR  01652cam a2200481 i 4500
=001  021060501
=003  Uk
=005  20230818122312.0
=007  t|
=008  230515s2023\\\\enka\\\\\b\\\\001|0|eng|d
=FMT  \\$a  BK
=015  \\$aGBC395900$2bnb
=016  7\$a021060501$2Uk
=020  \\$a9781009098380$qhardback
=020  \\$z9781009093057$qebook
=020  \\$z9781009115551$qebook
=040  \\$aStDuBDS$beng$cStDuBDS$dUk$erda
=042  \\$aukblcatcopy
=082  04$a006.31$223
=100  1\$aZhang, Tong,$d1971-$eauthor.$1https://isni.org/isni/0000000099108978
=245  10$aMathematical analysis of machine learning algorithms /$cTong Zhang.
=264  \1$aCambridge :$bCambridge University Press,$c2023.
=300  \\$axiii, 453 pages :$billustrations (black and white) ;$c27 cm
=336  \\$atext$2rdacontent
=336  \\$astill image$2rdacontent
=337  \\$aunmediated$2rdamedia
=338  \\$avolume$2rdacarrier
=530  \\$aAlso issued online.
=504  \\$aIncludes bibliographical references and index.
=500  \\$aFormerly CIP.$5Uk
=650  \0$aMachine learning$xMathematics.
=650  \0$aAlgorithms.
=776  08$iebook version :$z9781009093057
=852  11$aBritish Library$bHMNTS$k(B)$h006.31
=CAT  \\$aBATCH-CIPN$b00$c20230523$lBLL01$h1700
=CAT  \\$aBATCH-CIPC$b00$c20230725$lBLL01$h1702
=CAT  \\$aBATCH-016$c20230726$lBLL01$h2206
=CAT  \\$aBATCH-CIPC$b00$c20230815$lBLL01$h1703
=CAT  \\$aBATCH-016$c20230816$lBLL01$h2159
=CAT  \\$a16405$b40$c20230817$lBLL01$h0951
=CAT  \\$a6632$b40$c20230818$lBLL01$h1223
=FIN  \\$aY$d20230818
=LAS  \\$a6632$b40$c20230818$lBLL01$h1223

