=LDR  01743cam a2200505 i 4500
=001  021060540
=003  Uk
=005  20230818104245.0
=007  t|
=008  230517s2023\\\\enka\\\\\b\\\\001|0\eng|d
=FMT  \\$a  BK
=015  \\$aGBC395939$2bnb
=016  7\$a021060540$2Uk
=020  \\$a9781009282079$qhardback
=020  \\$z9781009282086$qebook
=020  \\$z9781009282093$qebook
=040  \\$aStDuBDS$beng$cStDuBDS$dUk$erda
=042  \\$aukblcatcopy
=082  04$a535.324$223
=100  1\$aAgrawal, G. P.$q(Govind P.),$d1951-$eauthor.$1https://isni.org/isni/0000000110715323
=245  10$aPhysics and engineering of graded-index media /$cGovind P. Agrawal.
=264  \1$aCambridge :$bCambridge University Press,$c2023.
=300  \\$axvi, 348 pages :$billustrations (black and white) ;$c26 cm
=336  \\$atext$2rdacontent
=336  \\$astill image$2rdacontent
=337  \\$aunmediated$2rdamedia
=338  \\$avolume$2rdacarrier
=530  \\$aAlso issued online.
=504  \\$aIncludes bibliographical references and index.
=500  \\$aFormerly CIP.$5Uk
=650  \0$aRefraction.
=650  \0$aOptical materials.
=650  \0$aOptics$xMathematics.
=776  08$iebook version :$z9781009282086
=852  11$aBritish Library$bHMNTS$k(B)$h535.324
=CAT  \\$aBATCH-CIPN$b00$c20230523$lBLL01$h1700
=CAT  \\$aBATCH-CIPC$b00$c20230801$lBLL01$h1704
=CAT  \\$aBATCH-016$c20230802$lBLL01$h2210
=CAT  \\$aBATCH-CIPC$b00$c20230815$lBLL01$h1703
=CAT  \\$aBATCH-016$c20230816$lBLL01$h2159
=CAT  \\$a16405$b40$c20230817$lBLL01$h0958
=CAT  \\$a16405$b40$c20230817$lBLL01$h0959
=CAT  \\$a6632$b40$c20230818$lBLL01$h1042
=FIN  \\$aY$d20230818
=LAS  \\$a6632$b40$c20230818$lBLL01$h1042

