=LDR  03308cam a2200565 i 4500
=001  021060800
=003  Uk
=005  20230811221111.0
=007  t|
=008  230125s2023\\\\nyua\\\\\b\\\\001\0\eng\\
=FMT  \\$a  BK
=010  \\$a  2023003229
=015  \\$aGBC396199$2bnb
=016  7\$a021060800$2Uk
=020  \\$a9781032465333$qhardback$c£130.00
=020  \\$a9781032465326$qpaperback$c£32.99
=020  \\$z9781000911114$qPDF ebook$c£32.99
=040  \\$aStDuBDS$beng$cStDuBDS$dUk$erda
=042  \\$aukblcatcopy
=050  00$aHF5416.5$b.G36 2023
=082  00$a658.8/16$223
=100  1\$aGange, Kiran,$eauthor.
=245  14$aThe expert guide to retail pricing :$ban analytics-based approach to maximise margins /$cKiran Gange.
=264  \1$aNew York, NY :$bRoutledge,$c2023.
=300  \\$a194 pages :$billustrations (black and white) ;$c23 cm
=336  \\$atext$2rdacontent
=336  \\$astill image$2rdacontent
=336  \\$atext$btxt$2rdacontent
=337  \\$aunmediated$2rdamedia
=337  \\$aunmediated$bn$2rdamedia
=338  \\$avolume$2rdacarrier
=338  \\$avolume$bnc$2rdacarrier
=504  \\$aIncludes bibliographical references and index.
=505  0\$aIntroduction -- Impact of Pricing -- Base Pricing -- Promotions -- Markdown -- Competitive Pricing -- Business Intelligence -- E-commerce Pricing -- Future of Pricing -- Conclusion.
=520  \\$a"Going under the hood of retail strategy, this book provides in-depth coverage of how retailers can leverage the latest in data analytics and technology to improve profitability and customer value through pricing. Retail pricing is not about dollars, pounds or euros, but the value a customer associates with a product, which can and does change over time. To maximize revenues and profits, pricing must be dynamic, strategic, and in today's hyper-connected and -competitive world, scientific. Using technology to gather customer insights and create data-driven pricing approaches can also enhance the customer experience, improve vendor management, help monitor competitors, and ensure market efficiency - including the much-needed reduction of waste in the food sector. This book uses case studies from around the globe to illustrate the evolution of retailing and offers takeaways with each chapter to enable retailers to manage the future of pricing. Retail and pricing managers, retail sector consultants, and students of sales and marketing will welcome this book's innovative solutions to one of bricks-and-mortar retailing's most critical challenges"--$cProvided by publisher.
=500  \\$aFormerly CIP.$5Uk
=650  \0$aPricing.
=650  \0$aRetail trade.
=650  \7$aPricing.$2fast$0(OCoLC)fst01076230
=650  \7$aRetail trade.$2fast$0(OCoLC)fst01096067
=690  7\$aManagement and Business Studies$2blcoll
=776  08$iebook version :$z9781000911138
=776  08$iOnline version:$aGange, Kiran.$tExpert guide to retail pricing$w(DLC)  2023003230$dNew York, NY : Routledge, 2023$z9781003382140
=852  11$aBritish Library$bSTI$cBIPC
=CAT  \\$aBATCH-CIPN$b00$c20230523$lBLL01$h1700
=CAT  \\$a11002$b40$c20230803$lBLL01$h1441
=CAT  \\$aBATCH-MBS$c20230811$lBLL01$h2211
=FIN  \\$aY$d20230803
=SID  \\$aZ39$bOCLC
=LAS  \\$aBATCH-MBS$b00$c20230811$lBLL01$h2211

