=LDR  00920ccm a22002773i 4500
=001  021067831
=003  Uk
=005  20230530115417.0
=008  230527s2022\\\\xxk\\m\\\\\\\\\\\\\\\\\\d
=FMT  \\$a  MU
=028  30$aNOV 100483$bNovello
=035  \\$a(GyWOH)har225003517
=040  \\$aGyWOH$beng$cGyWOH
=100  1\$aSohal, Naresh,$d1939-2018.
=245  10$aBrass quintet no. 2 (1983) /$cNaresh Sohal.
=264  \1$aLondon :$bNovello,$c2022.
=300  \\$a1 score (18 pages) + 5 parts ;$c31 cm
=336  \\$anotated music$bntm$2rdacontent
=337  \\$aunmediated$bn$2rdamedia
=338  \\$avolume$bnc$2rdacarrier
=500  \\$aDuration: ca. 12:00.
=500  \\$aCommissioned by the Gabrieli Brass Ensemble with funds from the Arts Council.
=852  41$aBritish Library$bDSC$cMUSIC
=CAT  \\$aBATCH-HARR$b00$c20230530$lBLL01$h1154
=SRC  \\$aHarrassowitz - Supplier
=LAS  \\$aBATCH-HARR$b00$c20230530$lBLL01$h1154

