=LDR  01852cam a2200529 i 4500
=001  021068426
=003  Uk
=005  20230825221816.0
=007  t|
=008  230525s2024\\\\enka\\\\\b\\\|0|1\0|eng\\
=FMT  \\$a  BK
=015  \\$aGBC3A0893$2bnb
=016  7\$a021068426$2Uk
=020  \\$a9781032203010$qhbk$c£48.99
=020  \\$a9781032203041$qpbk
=020  \\$z9781003263128$qebk
=024  7\$z10.4324/9781003263128$2doi
=040  \\$aStDuBDS$beng$cStDuBDS$dUk$erda
=042  \\$aukblsr
=082  04$a659.1042$223
=100  1\$aDerda, Izabela,$d1985-$eauthor.
=245  10$aAdvertising as a creative industry :$bregime of paradoxes /$cIzabela Derda.
=264  \1$aLondon :$bRoutledge, Taylor & Francis Group,$c2024.
=300  \\$a92 pages :$b1 illustration (black and white) ;$c23 cm.
=336  \\$atext$2rdacontent
=337  \\$aunmediated$2rdamedia
=338  \\$avolume$2rdacarrier
=490  0\$aRoutledge research in the creative and cultural industries
=490  0\$aRoutledge focus
=500  \\$aActually published in 2023.
=504  \\$aIncludes bibliographical references and index.
=530  \\$aAlso available online.
=500  \\$aFormerly CIP.$5Uk
=650  \0$aAdvertising.
=650  \0$aCultural industries.
=650  \7$aAdvertising.$2fast$0(OCoLC)fst00797511
=650  \7$aCreative ability in business.$2fast$0(OCoLC)fst00882438
=650  \7$aCultural industries.$2fast$0(OCoLC)fst00885002
=690  7\$aManagement and Business Studies$2blcoll
=776  08$iebook version :$z9781000970456
=852  11$aBritish Library$bSTI$cBIPC
=CAT  \\$aBATCH-CIPN$b00$c20230530$lBLL01$h1700
=CAT  \\$a10904$b40$c20230808$lBLL01$h1327
=CAT  \\$a8964$b40$c20230818$lBLL01$h0941
=CAT  \\$aBATCH-MBS$c20230825$lBLL01$h2218
=FIN  \\$aY$d20230818
=LAS  \\$aBATCH-MBS$b00$c20230825$lBLL01$h2218

