=LDR  01308cam a2200409 i 4500
=001  021079420
=003  Uk
=005  20230922224053.0
=008  230404s2023\\\\enka\\\\\\\\\|0|1|0|eng\d
=FMT  \\$a  BK
=015  \\$aGBC3A6180$2bnb
=016  7\$a021079420$2Uk
=020  \\$a9781399714693$qpaperback
=020  \\$z9781399714709$qePub ebook
=040  \\$aStDuBDS$beng$cStDuBDS$dUk$erda
=042  \\$aukblsr
=082  04$a658.872$223
=100  1\$aMorris, Daisy,$eauthor.
=245  10$aCommunity is your currency /$cDaisy Morris.
=264  \1$aLondon :$bYellow Kite,$c2023.
=300  \\$a249 pages :$billustrations (black and white) ;$c22 cm
=336  \\$atext$2rdacontent
=336  \\$astill image$2rdacontent
=337  \\$aunmediated$2rdamedia
=338  \\$avolume$2rdacarrier
=500  \\$aIncludes index.
=500  \\$aFormerly CIP.$5Uk
=650  \0$aInternet marketing.
=650  \0$aOnline social networks$xEconomic aspects.
=690  7\$aManagement and Business Studies$2blcoll
=776  08$iebook version :$z9781399714709
=852  11$aBritish Library$bSTI$cBIPC
=CAT  \\$aBATCH-CIPN$b00$c20230606$lBLL01$h1701
=CAT  \\$a11014$b40$c20230912$lBLL01$h1059
=CAT  \\$aBATCH-MBS$c20230922$lBLL01$h2240
=FIN  \\$aY$d20230912
=LAS  \\$aBATCH-MBS$b00$c20230922$lBLL01$h2240

