=LDR  02684cam a2200565 i 4500
=001  021088005
=003  Uk
=005  20230818134112.0
=008  111207m20079999np\\\\\\\\\\\f000\0\tibo\
=FMT  \\$a  BK
=010  \\$a  2011352177
=025  \\$aN-Tib-2011-352177; 15
=040  \\$aDLC$cDLC$dDLC
=041  0\$atib$asan$aeng
=042  \\$alcode$apcc
=043  \\$aa-np---
=050  00$aZ7865.5$b.N47 2010$aBQ1029.T55
=110  1\$aNepal.$bRāshṭriya Abhilekhālaya.
=245  10$6880-01$aBod yig dkar chag =$bCatalogue of Tibetan texts /$cchief editor, Bhim Prasad Nepal ; editor, Jagannath Upadhyaya ; cataloguer, Punya Prasad Parajuli, Mohan Singh Lama.
=246  1\$iVolume 3 & 5 have English parallel title:$aTibetan manuscripts catalogue
=246  31$aCatalogue of Tibetan text
=246  14$aCatalogue of Tibetan manuscripts
=246  15$aCatalogue of handwritten Tibetan texts
=250  \\$a1st ed. (v. 3-10)
=260  \\$aKathmandu :$bGovt. of Nepal, Ministry of Culture, Tourism & Civil Aviation, Dept. of Archaeology, National Archives,$c2064-2077 [2007-<2021>]
=300  \\$av. <1-10> ;$c25 cm.
=490  0\$aArchives publication series ;$v10-12
=500  \\$aCover title.
=500  \\$aVolume 4 editor varies.
=500  \\$aVolume 8-10 has: chief editor, Saubhagya Pradhananga ; editors, Niran Kumar Rajbanshi, Kalpana Parajuli ; cataloguer, Punya PrasadPparajuli.
=505  1\$av. 1 & 2. [without special title] -- v. 3. Rdo to Bodhi -- v. 4 & 5. [without special title] -- v. 6. [without special title] -- v. 7. [without special title] -- v. 8. [without special title] -- v. 9. [without special title] -- v. 10. [without special title]
=546  \\$aIn Tibetan, Sanskrit, and English;$bTibetan also in Latin script.
=610  10$aNepal.$bRāshṭriya Abhilekhālaya$vCatalogues.
=650  \0$aBuddhist literature, Tibetan$vBibliography$vCatalogues.
=650  \0$aTibetan literature$vBibliography$vCatalogues.
=650  \0$aManuscripts, Tibetan$zNepal$vBibliography$vCatalogues.
=700  1\$aUpādhyāya, Jagannātha.
=700  1\$aParajūlī, Puṇya Prasāda.
=700  1\$aLama, Mohan Singh.
=700  1\$aPradhananga, Saubhagya,$eeditor.
=710  1\$aNepal.$bMinistry of Culture, Tourism and Civil Aviation,$eissuing body.
=710  1\$aNepal.$bRāshṭriya Abhilekhālaya,$eissuing body.
=880  10$6245-01$aབོད་ཡིག་དཀར་ཆག
=852  \\$xdeleted
=CAT  \\$a9195$b40$c20230613$lBLL01$h1217
=CAT  \\$a14760$b40$c20230818$lBLL01$h1317
=CAT  \\$a14760$b40$c20230818$lBLL01$h1341
=FIN  \\$aY$d20230818
=SID  \\$aZ39$bLOC
=LAS  \\$a14760$b40$c20230818$lBLL01$h1341

