=LDR  02012cam a2200553 i 4500
=001  021095068
=003  Uk
=005  20230915220515.0
=007  t|
=008  230614s2023\\\\nyua\\\\\b\\\|0|1\0|eng\\
=FMT  \\$a  BK
=015  \\$aGBC3B5925$2bnb
=016  7\$a021095068$2Uk
=020  \\$a9781032545769$qhbk$c£37.99
=020  \\$z9781000923483$qePub$c£37.99
=020  \\$z9781000923469$qPDF$c£37.99
=020  \\$a9781032545752$qpbk
=020  \\$z9781003425519$qebk
=024  7\$z10.4324/9781003425519$2doi
=040  \\$aStDuBDS$beng$cStDuBDS$dUk$erda
=042  \\$aukblsr
=082  04$a658.4013$223
=245  00$aCultural enablers :$brespect every individual and lead with humility /$cedited by Michael Martyn and Eilish Henry.
=264  \1$aNew York, NY :$bRoutledge, Taylor & Francis Group,$c2023.
=300  \\$axvii, 115 pages :$billustrations (colour) ;$c24 cm.
=336  \\$atext$2rdacontent
=337  \\$aunmediated$2rdamedia
=338  \\$avolume$2rdacarrier
=490  0\$aThe Shingo model series ;$v6th
=500  \\$a"A Productivity Press book."
=504  \\$aIncludes bibliographical references and index.
=530  \\$aAlso available online.
=500  \\$aFormerly CIP.$5Uk
=650  \0$aOrganizational effectiveness.
=650  \0$aContinuous improvement process.
=650  \0$aOrganizational change.
=650  \7$aOrganizational effectiveness.$2fast$0(OCoLC)fst01047852
=650  \7$aContinuous improvement process.$2fast$0(OCoLC)fst01779508
=650  \7$aOrganizational change.$2fast$0(OCoLC)fst01047828
=690  7\$aManagement and Business Studies$2blcoll
=700  1\$aMartyn, Mike$q(Michael Robert),$eeditor.
=700  1\$aHenry, Eilish,$eeditor.
=776  08$iebook version :$z9781000923483
=852  11$aBritish Library$bSTI$cBIPC
=CAT  \\$aBATCH-CIPN$b00$c20230620$lBLL01$h1701
=CAT  \\$a8964$b40$c20230907$lBLL01$h1033
=CAT  \\$aBATCH-MBS$c20230915$lBLL01$h2205
=FIN  \\$aY$d20230907
=LAS  \\$aBATCH-MBS$b00$c20230915$lBLL01$h2205

