=LDR  01427cam a2200421 i 4500
=001  021118287
=003  Uk
=005  20231006214734.0
=007  t|
=008  230621s2023\\\\nyua\\\\\b\\\\001|0\eng|d
=FMT  \\$a  BK
=015  \\$aGBC3B9422$2bnb
=016  7\$a021118287$2Uk
=020  \\$a9780231194532$qpaperback$c£15.99
=020  \\$z9780231550871 (ebook)
=040  \\$aStDuBDS$beng$cStDuBDS$dUk$erda
=042  \\$aukblcatcopy
=082  04$a658.11$223
=100  10$aVirk, Rizwan,$eauthor.$1https://isni.org/isni/000000003252917X
=245  10$aStartup myths and models :$bwhat you won't learn in business school /$cRizwan Virk.
=264  \1$aNew York :$bColumbia Business School Publishing,$c2023.
=300  \\$axxii, 264 pages :$billustrations ;$c23 cm
=336  \\$atext$2rdacontent
=336  \\$astill image$2rdacontent
=337  \\$aunmediated$2rdamedia
=338  \\$avolume$2rdacarrier
=530  \\$aAlso issued online.
=504  \\$aIncludes bibliographical references and index.
=500  \\$aFormerly CIP.$5Uk
=650  \0$aNew business enterprises.
=650  \0$aEntrepreneurship.
=690  7\$aManagement and Business Studies$2blcoll
=852  11$aBritish Library$bSTI$cBIPC
=CAT  \\$aBATCH-CIPN$b00$c20230627$lBLL01$h1700
=CAT  \\$a11131$b40$c20230926$lBLL01$h1112
=CAT  \\$aBATCH-MBS$c20231006$lBLL01$h2147
=FIN  \\$aY$d20230926
=LAS  \\$aBATCH-MBS$b00$c20231006$lBLL01$h2147

