=LDR  01520cam a22004451i 4500
=001  021119527
=003  Uk
=005  20231006214734.0
=007  t|
=008  230619s2023\\\\enka\\\\\b\\\\001|0\eng|d
=FMT  \\$a  BK
=015  \\$aGBC3C0662$2bnb
=016  7\$a021119527$2Uk
=020  \\$a9781783306176$qpaperback$c£24.99
=020  \\$z9781783306190$qePub ebook$c£38.00
=020  \\$z9781783306183$qPDF ebook$c£38.00
=040  \\$aStDuBDS$beng$cStDuBDS$dUk$erda
=042  \\$aukblcatcopy
=082  04$a658.4038$223
=100  1\$aCarruthers, Caroline,$eauthor.
=245  10$aHalo data :$bunderstanding and leveraging the value of your data /$cCaroline Carruthers, Peter Jackson.
=264  \1$aLondon :$bFacet Publishing,$c2023.
=300  \\$axxi, 160 pages :$billustrations ;$c24 cm
=336  \\$atext$2rdacontent
=337  \\$aunmediated$2rdamedia
=338  \\$avolume$2rdacarrier
=504  \\$aIncludes bibliographical references and index.
=500  \\$aFormerly CIP.$5Uk
=650  \0$aInformation technology$xManagement.
=650  \0$aOrganizational effectiveness.
=690  7\$aManagement and Business Studies$2blcoll
=700  1\$aJackson, Peter,$eauthor.
=776  08$iebook version :$z9781783306190
=852  11$aBritish Library$bSTI$cBIPC
=BUF  \\$aY$d20230927
=CAT  \\$aBATCH-CIPN$b00$c20230627$lBLL01$h1702
=CAT  \\$a11131$b40$c20230927$lBLL01$h0846
=CAT  \\$aBATCH-MBS$c20231006$lBLL01$h2147
=FIN  \\$aY$d20230927
=LAS  \\$aBATCH-MBS$b00$c20231006$lBLL01$h2147

