=LDR  01642cam a2200409 i 4500
=001  021147408
=003  Uk
=005  20230726220644.0
=008  230721s2023\\\\enka\\\\\b\\\|1|1\0|eng\\
=FMT  \\$a  BK
=015  \\$aGBC3D7844$2bnb
=016  7\$a021147408$2Uk
=020  \\$a9781998999132$qpaperback
=040  \\$aUk$beng$cUk$dUk$erda
=042  \\$aukblsr
=082  04$a620.5$223
=110  2\$aEuropean Society for Precision Engineering and Nanotechnology.$bInternational Conference$n(23rd :$d2023 :$cCopenhagen, Denmark)
=245  10$aProceedings of the 23rd International Conference of the European Society for Precision Engineering and Nanotechnology :$b12th - 16th June 2023, Copenhagen, DK /$ceditors, O. Riemer, C. Nisbet, D. Phillips.
=264  \1$aBedford :$bEuspen,$c2023.
=300  \\$a537 pages :$billustrations (black and white) ;$c30 cm
=336  \\$atext$2rdacontent
=337  \\$aunmediated$2rdamedia
=338  \\$avolume$2rdacarrier
=504  \\$aIncludes bibliographical references and index.
=650  \7$aMicromachining.$2fast$0(OCoLC)fst01019888
=650  \7$aNanotechnology.$2fast$0(OCoLC)fst01032639
=650  \7$aMetasurfaces.$2fast$0(OCoLC)fst02020391
=700  1\$aRiemer, O.$q(Oltmann),$eeditor.
=700  1\$aNisbet, C.$q(Clare),$eeditor.
=700  1\$aPhillips, D.$q(Dishi),$eeditor.
=852  11$aBritish Library$bHMNTS$k(B)$h620.5
=CAT  \\$a11373$b40$c20230721$lBLL01$h0903
=CAT  \\$a11373$b40$c20230721$lBLL01$h0905
=CAT  \\$a11014$b40$c20230724$lBLL01$h1201
=CAT  \\$aBATCH-016$c20230726$lBLL01$h2206
=FIN  \\$aY$d20230724
=LAS  \\$aBATCH-016$b00$c20230726$lBLL01$h2206

