=LDR  01269cas a2200373 i 4500
=001  021152997
=003  Uk
=005  20230804220725.0
=007  ta
=008  230727c20159999enkqr\g\\\\\\\0\\\a0eng\\
=FMT  \\$a  SE
=040  \\$aUk$beng$cUk$erda
=042  \\$aukblsr
=082  04$a338.473636109422$223
=110  2\$aThames Water (Firm),$eauthor.
=245  10$aSource /$cThames Water.
=246  13$aSource magazine
=264  \1$a[Reading?] :$bThames Water,$c[2015]-
=300  \\$billustrations (colour) ;$c30 cm
=336  \\$atext$2rdacontent
=337  \\$aunmediated$2rdamedia
=338  \\$avolume$2rdacarrier
=362  1\$aBegan in 2015.
=588  \\$aDescription based on: June 2018.
=588  \\$aLatest issue consulted: August 2019.
=610  27$aThames Water (Firm)$2fast$0(OCoLC)fst01917376
=650  \7$aEmployees' magazines, newsletters, etc.$2fast$0(OCoLC)fst00909273
=655  \7$aPeriodicals.$2fast$0(OCoLC)fst01411641
=690  7\$aManagement and Business Studies$2blcoll
=852  41$aBritish Library$bSTI$cBIPC$kTrade Literature$3Jun. (2018)-Aug. (2019)***Set not complete
=CAT  \\$a8124$b40$c20230727$lBLL01$h1544
=CAT  \\$aBATCH-MBS$c20230804$lBLL01$h2207
=FIN  \\$aY$d20230727
=LAS  \\$aBATCH-MBS$b00$c20230804$lBLL01$h2207

