=LDR  00824cam a2200277 i 4500
=001  021155571
=003  Uk
=005  20230803155709.0
=008  230731s1861\\\\ii\\\\\\\\\\\|0|0\0|urd\\
=FMT  \\$a  BK
=040  \\$aUk$beng$cUk$erda
=042  \\$aukblsr
=245  00$aTaqwim.
=264  \1$aMadras :$b[Publisher unknown],$c1861.
=300  \\$a24 pages ;$c17 x 22 cm
=336  \\$atext$2rdacontent
=337  \\$aunmediated$2rdamedia
=338  \\$avolume$2rdacarrier
=520  \\$aAlmanac for A. H. 1278, or A. D. 1861-62.
=655  \7$aAlmanacs$2fast$0(OCoLC)fst01423872
=852  41$aBritish Library$bOC$mVT 886(n)
=CAT  \\$a15389$b40$c20230731$lBLL01$h1628
=CAT  \\$a15389$b40$c20230803$lBLL01$h1556
=CAT  \\$a15389$b40$c20230803$lBLL01$h1557
=FIN  \\$aY$d20230803
=LAS  \\$a15389$b40$c20230803$lBLL01$h1557

