=LDR  01245cas a22003617i 4500
=001  021162192
=003  Uk
=005  20230818220209.0
=007  ta
=008  141120c20uu9999enkuu\\\\\\\\\0\\\a0eng\\
=FMT  \\$a  SE
=040  \\$aUk$beng$cUk$erda
=082  04$a381.02941$223
=110  2\$aMarks & Spencer plc,$eauthor.
=245  10$a[Trade literature] /$cM&S.
=246  13$aHome
=264  \1$aLondon :$bMarks and Spencer plc
=336  \\$atext$2rdacontent
=337  \\$aunmediated$2rdamedia
=338  \\$avolume$2rdacarrier
=588  \\$aDescription based on: Home magazine, autumn/winter 2018.
=610  27$aMarks & Spencer plc$2fast$0(OCoLC)fst01643859
=650  \7$aTrade literature.$2fast$0(OCoLC)fst01737364
=655  \7$aPeriodicals.$2fast$0(OCoLC)fst01411641
=690  7\$aManagement and Business Studies$2blcoll
=852  71$aBritish Library$bSTI$cBIPC$kTrade Literature$3Autumn/Winter (2018)
=985  \\$aCompany trade literature collection level record.
=CAT  \\$a8124$b40$c20230802$lBLL01$h1453
=CAT  \\$a8124$b40$c20230814$lBLL01$h1215
=CAT  \\$aBATCH-MBS$c20230818$lBLL01$h2202
=FIN  \\$aY$d20230802
=LET  \0$aTrade literature for Marks & Spencer plc
=LAS  \\$aBATCH-MBS$b00$c20230818$lBLL01$h2202

