=LDR  00674nam a2200241 i 4500
=001  021163334
=003  Uk
=005  20230803154101.0
=008  230803s1853\\\\ii\\\\\\\b\\\|0|0\0|urd\\
=FMT  \\$a  BK
=040  \\$aUk$beng$cUk$erda
=042  \\$aukblsr
=245  00$aKhulasa i faisalajat.
=264  \1$aMeerut :$b[Publisher unknown],$c1853?
=300  \\$apages ;$c17 x 22 cm
=336  \\$atext$2rdacontent
=337  \\$aunmediated$2rdamedia
=338  \\$avolume$2rdacarrier
=650  \7$aLaw$2fast$0(OCoLC)fst00993678
=852  41$aBritish Library$bOC$hVT 886(h)
=CAT  \\$a15389$b40$c20230803$lBLL01$h1541
=FIN  \\$aY$d20230803
=LAS  \\$a15389$b40$c20230803$lBLL01$h1541

