=LDR  01486cas a22003857i 4500
=001  021172764
=003  Uk
=005  20230829155051.0
=007  ta
=008  141120c194u9999enkuu\\\\\\\\\0\\\a0eng\\
=FMT  \\$a  SE
=040  \\$aUk$beng$cUk$dUk$erda
=082  04$a381.02941$223
=110  2\$aArthur Sallis Radio Control Ltd.,$eauthor.
=245  10$a[Trade literature] /$cArthur Sallis Radio Control Ltd.
=246  13$aMail order catalogue
=264  \1$aBrighton :$bArthus Sallis Radio Crontrol Ltd
=336  \\$atext$2rdacontent
=337  \\$aunmediated$2rdamedia
=338  \\$avolume$2rdacarrier
=588  \\$aDescription based on: Catalogue number 15 (1963).
=588  \\$aLatest issue consulted: Mail order catalogue, catalogue number 18 (1970/71).
=610  27$aArthur Sallis Radio Control Ltd.$2fast$0(OCoLC)fst02014942
=650  \7$aTrade literature.$2fast$0(OCoLC)fst01737364
=655  \7$aPeriodicals.$2fast$0(OCoLC)fst01411641
=690  7\$aManagement and Business Studies$2blcoll
=852  71$aBritish Library$bSTI$cBIPC$kTrade Literature$3No. 15 (1963), no. 18 (1970/1971)
=985  \\$aCompany trade literature collection level record.
=CAT  \\$a8124$b40$c20230810$lBLL01$h1004
=CAT  \\$a8871$b40$c20230810$lBLL01$h1203
=CAT  \\$aBATCH-MBS$c20230818$lBLL01$h2202
=CAT  \\$a8124$b40$c20230829$lBLL01$h1550
=FIN  \\$aY$d20230810
=LET  \0$aTrade literature for Arthur Sallis Radio Control Ltd
=LAS  \\$a8124$b40$c20230829$lBLL01$h1550

