=LDR  01417cas a22003977i 4500
=001  021172776
=003  Uk
=005  20230829155128.0
=007  ta
=008  141120d19722018enkuu\\\\\\\\\0\\\a0eng\\
=FMT  \\$a  SE
=040  \\$aUk$beng$cUk$erda
=082  04$a381.02941$223
=110  20$aMaplin Electronics,$eauthor.
=245  10$a[Trade literature] /$cMaplin Electronics Supplies.
=246  13$a[Sales catalogue]
=246  13$aPrice list
=246  13$aCatalogue update
=264  \1$aRayleigh :$bMaplin Electronics Supplies
=336  \\$atext$2rdacontent
=337  \\$aunmediated$2rdamedia
=338  \\$avolume$2rdacarrier
=588  \\$aDescription based on: Unnumbered sales catalogue.
=588  \\$aLatest issue consulted: Price list (August 22nd 1977/October 7 1977).
=610  27$aMaplin Electronics$2fast$0(OCoLC)fst02014762
=650  \7$aTrade literature.$2fast$0(OCoLC)fst01737364
=655  \7$aPeriodicals.$2fast$0(OCoLC)fst01411641
=690  7\$aManagement and Business Studies$2blcoll
=852  71$aBritish Library$bSTI$cBIPC$kTrade Literature$3[1977]
=985  \\$aCompany trade literature collection level record.
=CAT  \\$a8124$b40$c20230810$lBLL01$h1056
=CAT  \\$aBATCH-MBS$c20230818$lBLL01$h2202
=CAT  \\$a8124$b40$c20230829$lBLL01$h1551
=FIN  \\$aY$d20230810
=LET  \0$aTrade literature for Maplin Electronics Supplies.
=LAS  \\$a8124$b40$c20230829$lBLL01$h1551

