=LDR  01281cas a22003617i 4500
=001  021172786
=003  Uk
=005  20230829155212.0
=007  ta
=008  141120d19uu196uenkuu\\\\\\\\\0\\\a0eng\\
=FMT  \\$a  SE
=040  \\$aUk$beng$cUk$erda
=082  04$a381.02941$223
=110  2\$aEnglish Electric Company Limited,$eauthor.
=245  10$a[Trade literature] /$cEnglish Electric.
=246  13$aT901 Metal Cathode Ray Tube
=264  \1$aLondon :$bEnglish Electric
=336  \\$atext$2rdacontent
=337  \\$aunmediated$2rdamedia
=338  \\$avolume$2rdacarrier
=588  \\$aDescription based on: T901 Metal Cathode Ray Tube (1952).
=610  27$aEnglish Electric Company Limited$2fast$0(OCoLC)fst00592040
=650  \7$aTrade literature.$2fast$0(OCoLC)fst01737364
=655  \7$aPeriodicals.$2fast$0(OCoLC)fst01411641
=690  7\$aManagement and Business Studies$2blcoll
=852  71$aBritish Library$bSTI$cBIPC$kTrade Literature$3[1982]
=985  \\$aCompany trade literature collection level record.
=CAT  \\$a8124$b40$c20230810$lBLL01$h1127
=CAT  \\$aBATCH-MBS$c20230818$lBLL01$h2202
=CAT  \\$a8124$b40$c20230829$lBLL01$h1552
=FIN  \\$aY$d20230810
=LET  \0$aTrade literature for English Electric
=LAS  \\$a8124$b40$c20230829$lBLL01$h1552

