=LDR  01409cas a22003977i 4500
=001  021172881
=003  Uk
=005  20230829155626.0
=007  ta
=008  141120c19uu9999ja\uu\\\\\\\\\0\\\a0eng\\
=FMT  \\$a  SE
=040  \\$aUk$beng$cUk$erda
=082  04$a381.02941$223
=110  2\$aHioki Denki Kabushiki Kaisha,$eauthor.
=245  10$a[Trade literature] /$cHioki.
=246  13$aElectric measuring instruments
=264  \1$aNagano :$bHioki
=336  \\$atext$2rdacontent
=337  \\$aunmediated$2rdamedia
=338  \\$avolume$2rdacarrier
=588  \\$aDescription based on: Electric measuring instruments, 1994.
=610  27$aHioki Denki Kabushiki Kaisha$2fast$0(OCoLC)fst02014944
=650  \7$aTrade literature.$2fast$0(OCoLC)fst01737364
=655  \7$aPeriodicals.$2fast$0(OCoLC)fst01411641
=690  7\$aManagement and Business Studies$2blcoll
=852  71$aBritish Library$bSTI$cBIPC$kTrade Literature$31994
=985  \\$aCompany trade literature collection level record.
=CAT  \\$a8124$b40$c20230810$lBLL01$h1436
=CAT  \\$a8124$b40$c20230810$lBLL01$h1504
=CAT  \\$aBATCH-UPD$b40$c20230822$lBLL01$h0849
=CAT  \\$a8871$b40$c20230822$lBLL01$h1102
=CAT  \\$aBATCH-MBS$c20230825$lBLL01$h2218
=CAT  \\$a8124$b40$c20230829$lBLL01$h1556
=FIN  \\$aY$d20230810
=LET  \0$aTrade literature for Hioki E.E. Corporation
=LAS  \\$a8124$b40$c20230829$lBLL01$h1556

