=LDR  01222cas a22003497i 4500
=001  021172899
=003  Uk
=005  20230829155722.0
=007  ta
=008  141120c19uu9999ne\uu\\\\\\\\\0\\\a0eng\\
=FMT  \\$a  SE
=040  \\$aUk$beng$cUk$erda
=082  04$a381.02941$223
=110  20$aPhilips Electronics, Inc.,$eauthor.
=245  10$a[Trade literature] /$cPhilips.
=264  \1$a[Eindhoven?] :$bPhilips
=336  \\$atext$2rdacontent
=337  \\$aunmediated$2rdamedia
=338  \\$avolume$2rdacarrier
=588  \\$aDescription based on: Test and measurement catalog, 1985/1986.
=610  27$aPhilips Electronics, Inc.$2fast$0(OCoLC)fst00633165
=650  \7$aTrade literature.$2fast$0(OCoLC)fst01737364
=655  \7$aPeriodicals.$2fast$0(OCoLC)fst01411641
=690  7\$aManagement and Business Studies$2blcoll
=852  71$aBritish Library$bSTI$cBIPC$kTrade Literature$31985/1986
=985  \\$aCompany trade literature collection level record.
=CAT  \\$a8124$b40$c20230810$lBLL01$h1507
=CAT  \\$aBATCH-MBS$c20230818$lBLL01$h2202
=CAT  \\$a8124$b40$c20230829$lBLL01$h1557
=FIN  \\$aY$d20230810
=LET  \0$aTrade literature for Philips Electronics
=LAS  \\$a8124$b40$c20230829$lBLL01$h1557

