=LDR  03726cam a2200445 i 4500
=001  021173055
=003  Uk
=005  20230904105332.0
=008  230302s2023\\\\njua\\\\\\\\\\000\0\eng\\
=FMT  \\$a  BK
=010  \\$a  2023933794
=016  7\$a021173055$2Uk
=020  \\$a9789811270390$q(hardcover)
=020  \\$a9789811271014$q(paperback)
=020  \\$z9789811270406$q(ebook for institutions)
=020  \\$z9789811270413$q(ebook for individuals)
=040  \\$aDLC$beng$cDLC$dDLC$dUk$erda
=042  \\$aukblcatcopy
=050  00$aQC174.12$b.T358 2023
=082  04$a530.12$223/eng/20230721
=100  1\$aTan, Seng Ghee,$eauthor.
=245  10$aQuantum physics and modern applications :$bproblems and solutions /$cSeng Ghee Tan, Chinese Culture University, Taiwan, Ching Hua Lee, National University of Singapore, Singapore, Mansoor B.A. Jalil, National University of Singapore, Singapore.
=264  \1$aNew Jersey :$bWorld Scientific,$c[2023]
=300  \\$axii, 284 pages :$billustrations ;$c24 cm
=336  \\$atext$btxt$2rdacontent
=337  \\$aunmediated$bn$2rdamedia
=338  \\$avolume$bnc$2rdacarrier
=520  \\$a"This book is written with the view of providing learners a fast track into the modern applications of quantum physics. It is designed as a book of Problems and Solutions, consisting of more than 200 exercises with explicitly worked out solutions. Focusing on modern research topics, the problems are designed to suit recent developments such as graphene, topological materials, spintronics, and quantum computation and information (QCI). Categorized into eight chapters, the book first introduces QM for undergraduates with an emphasis on the Dirac formalism and its representation in the form of matrices and functions. Chapter 2 is dedicated to spin physics, where the spinor formalism is increasingly relevant to research on spintronics, graphene, topological systems, Dirac, Weyl, and all branches of quantum information sciences. Chapter 3 deals with second quantization and its applications in nanoscience and condensed matter physics.Building on the foundations of the previous two chapters, Chapter 4 expounds on the non-equilibrium Green's Function (NEGF) - a modern topic with problems designed to suit applications in nanoscale electronic and spintronics systems. Chapter 5 covers gauge fields and topology, with a modern emphasis on applications in new materials such as graphene and topological systems. Chapter 6 comprises numerous advanced sub-topics in condensed matter physics as well as conventional topics such as band structures and entanglement entropy. Chapter 7 extends to cross-disciplinary and miscellaneous physics, where the topics are not necessarily quantum by nature, but deal with issues that have inspired the development of quantum mechanics and quantum fields. Lastly, the book caters to quantum computation with a preamble on the QM foundations of spin, projection, measurement and density matrices which underpin applications in quantum gates, quantum teleportation and entanglement.Readers can expect a handy and effective guide in mastering problem solving techniques in frontier applications of quantum physics"--$cProvided by publisher.
=530  \\$aAlso issued online.
=650  \0$aQuantum theory$xMathematics.
=700  1\$aLee, Ching Hua$c(Physicist),$eauthor.
=700  1\$aJalil, Mansoor B. A.,$eauthor.
=852  11$aBritish Library$bHMNTS$k(B)$h530.12
=CAT  \\$a11131$b40$c20230811$lBLL01$h0711
=CAT  \\$a10904$b40$c20230829$lBLL01$h1322
=CAT  \\$aBATCH-016$c20230830$lBLL01$h2207
=CAT  \\$a10904$b40$c20230904$lBLL01$h1053
=FIN  \\$aY$d20230829
=SRC  \\$aBLL02
=LAS  \\$a10904$b40$c20230904$lBLL01$h1053

