=LDR  01117cam a2200325 i 4500
=001  021181361
=003  Uk
=005  20230823110537.0
=008  230821s1997\\\\kv\\\\\\\\\\\|0|0\p|alb\\
=FMT  \\$a  BK
=040  \\$aUk$beng$cUk$erda
=042  \\$aukblsr
=100  1\$aZhiti, Visar,$eauthor.
=240  10$aPoems.$kSelections
=245  10$aKohë e vrarë në sy /$cVisar Zhiti ; Zgjodhi dhe shkroi parathënien Anton Nikë Berisha ; Redaktor Ali Podrimja.
=264  \1$aPrishtinë :$bRilindja,$c1997.
=300  \\$a175 pages ;$c21 cm.
=336  \\$atext$2rdacontent
=337  \\$aunmediated$2rdamedia
=338  \\$avolume$2rdacarrier
=490  1\$aBiblioteka Drita
=655  \7$aPoetry.$2fast$0(OCoLC)fst01423828
=700  1\$aBerisha, Anton,$d1946-$eeditor.
=700  1\$aPodrimja, Ali,$d1942-2012,$eeditor.
=830  \0$aBiblioteka Drita.
=852  41$aBritish Library$bHMNTS$qCopy mutilated; with pencil annotations on some pages 172-175.
=CAT  \\$a10039$b40$c20230821$lBLL01$h1051
=CAT  \\$a10039$b40$c20230823$lBLL01$h1105
=FIN  \\$aY$d20230821
=LAS  \\$a10039$b40$c20230823$lBLL01$h1105

