=LDR  00929cam a2200277 i 4500
=001  021181441
=003  Uk
=005  20230823105637.0
=008  230821s1997\\\\it\a\\\\\\\\\|0|0\p|ita\\
=FMT  \\$a  BK
=040  \\$aUk$beng$cUk$erda
=042  \\$aukblsr
=100  1\$aZhiti, Visar,$eauthor.
=245  10$aCroce di carne :$bpoesie /$cVisar Zhiti ; a cura di Elio Miracco.
=264  \1$a[Napoli] :$bOxiana,$c1997.
=300  \\$a141 pages :$billustrations (black and white) ;$c21 cm
=336  \\$atext$2rdacontent
=337  \\$aunmediated$2rdamedia
=338  \\$avolume$2rdacarrier
=655  \7$aPoetry.$2fast$0(OCoLC)fst01423828
=700  1\$aMiracco, Elio,$eeditor.
=852  41$aBritish Library$bHMNTS$qCopy mutilated; with pencil annotations on some pages 139-141.
=CAT  \\$a10039$b40$c20230821$lBLL01$h1142
=CAT  \\$a10039$b40$c20230823$lBLL01$h1056
=FIN  \\$aY$d20230823
=LAS  \\$a10039$b40$c20230823$lBLL01$h1056

