=LDR  01298cam a2200397 i 4500
=001  021189811
=003  Uk
=005  20230830105801.0
=008  971217s1994\\\\xn\c\\\\\\\\\\000\p\alb\c
=FMT  \\$a  BK
=020  \\$a9989658064
=020  \\$a9789989658068
=035  \\$a(OCoLC)38915576
=040  \\$aZCU$beng$cZCU$dOCLCQ$dOCLCO$dOCLCQ$dUk$erda
=042  \\$aukblsr
=050  \4$aPG9621.Z52$bM3 1994
=082  04$a891.9913$qOCoLC
=100  1\$aZhiti, Visar,$eauthor.
=245  10$aMbjellja e vetëtimave /$cVisar Zhiti.
=264  \1$aShkup :$b"Flaka e vëllazërimit",$c1994.
=300  \\$a95 pages :$bportrait (black and white) ;$c20 cm.
=336  \\$atext$btxt$2rdacontent
=337  \\$aunmediated$bn$2rdamedia
=338  \\$avolume$bnc$2rdacarrier
=490  1\$aBiblioteka "Valët"
=546  \\$aIn Albanian.
=655  \7$aPoetry.$2fast$0(OCoLC)fst01423828
=830  \0$aBiblioteka "Valët".
=852  41$aBritish Library$bHMNTS$qCopy mutilated; includes annotations in pencil (pages 97-99).
=CAT  \\$a10039$b40$c20230829$lBLL01$h1535
=CAT  \\$a10039$b40$c20230829$lBLL01$h1536
=CAT  \\$a10039$b40$c20230829$lBLL01$h1539
=CAT  \\$a10039$b40$c20230830$lBLL01$h1058
=FIN  \\$aY$d20230829
=SID  \\$aZ39$bOCLC
=LAS  \\$a10039$b40$c20230830$lBLL01$h1058

