=LDR  01793cam a2200469   4500
=001  021208203
=003  Uk
=005  20231006111758.0
=008  970707s1782\\\\fr\af\\\\\\\\\000\1\fre\c
=FMT  \\$a  BK
=035  \\$a(Uk-ES)006324032
=040  \\$aUk-ES$cUk-ES$dUk-ES$edcrmb
=100  1\$aGresset,$d1709-1777.
=243  10$aWorks
=245  10$aŒuvres de Gresset, de l'Académie françoise.
=246  3\$aOeuvres de Gresset, de l'Académie française
=250  \\$aNouvelle édition. ...
=264  \1$aA Londres [i.e. Paris?] :$bchez Edouard Kelmarneck,$cM.DCC.LXXXII [1782]
=300  \\$a2 v. :$bill. ;$c12 cm (12⁰)
=336  \\$atext$2rdacontent
=337  \\$aunmediated$2rdamedia
=338  \\$avolume$ardacarrier
=500  \\$aThe imprint is false; possibly printed in Paris. Not in Weller, E. Falschen und fingierten Druckorte.
=500  \\$aVol.1 has engraved frontispiece signed at foot: "T.M. Marillier [?] 1779" and "N. De Launay sc.".
=500  \\$aVol.1 has a half-title.
=500  \\$aVol.1 pagination: 270, [2] p., [1] leaf of plates.
=500  \\$aVol.1 signatures: A-L¹² M⁴.
=500  \\$aVertical chain lines; leaf height 12 cm.
=510  4\$aESTC,$cT229652
=650  \0$aFrench drama$y18th century.
=650  \0$aFrench poetry$y18th century.
=655  \7$aPlays.$2rbmscv
=655  \7$aPoems.$2rbmscv
=700  1\$aDelaunay, Nicolas,$d1739-1792,$eengraver.
=752  \\$aFrance$dParis.
=752  \\$aGreat Britain$bEngland$dLondon.
=852  41$aBritish Library$bHMNTS$qCopy at XXXX. Imperfect: wanting vol.2; shelved with vol.2 dated 1779 (ESTC N42080).
=CAT  \\$a8565$b40$c20230913$lBLL01$h1119
=CAT  \\$a16401$b40$c20231006$lBLL01$h1117
=FIN  \\$aY$d20231006
=SRC  \\$aESTC
=LAS  \\$a16401$b40$c20231006$lBLL01$h1117

