=LDR  00975nam a22002537i 4500
=001  021219415
=003  Uk
=005  20230922165856.0
=008  230922s1816\\\\gw\\\\\\\d\\\|0|0\0|ger\\
=FMT  \\$a  BK
=040  \\$aUk$beng$cUk$erda$edcrm
=100  1\$aMüller, Karl Christian.
=245  10$aAllgemeines Verteutschwörterbuch der Kriegsprache.$bEin Versuch
=264  \1$aLeipzig :$bin Verschleis bey Bruder und Hofmann,$c1814
=264  \3$aDresden :$bgedruckt bei Carl Gottlieb Gärtner
=300  \\$axii, 383, [14] pages ;
=336  \\$atext$2rdacontent
=337  \\$aunmediated$2rdamedia
=338  \\$avolume$2rdacarrier
=650  \0$aMilitary art and science$vDictionaries$xGerman
=852  41$aBritish Library$bHMNTS$qCopy at . Interleaved with blank pages with a few MS notes. The half-title page for Theil 2 is bound after the half-title page for Theil 1.
=CAT  \\$a9243$b40$c20230922$lBLL01$h1658
=FIN  \\$aY$d20230922
=LAS  \\$a9243$b40$c20230922$lBLL01$h1658

