=LDR  02013cam a2200505 i 4500
=001  021238048
=003  Uk
=005  20231017112435.0
=008  231005s2023\\\\enkab\\\\b\\\|0|1\0|eng\\
=FMT  \\$a  BK
=015  \\$aGBC3K0053$2bnb
=016  7\$a021238048$2Uk
=020  \\$a9781350233300$qset$qhardback
=020  \\$a9781350214149$qvolume 1$qhardback
=020  \\$a9781350233201$qvolume 2$qhardback
=020  \\$a9781350233249$qvolume 3$qhardback
=040  \\$aUk$beng$cUk$erda
=042  \\$aukblsr
=082  04$a261.2709$223
=245  00$aChristian-Muslim Relations /$cedited by David Thomas [with five others].
=264  \1$aLondon, UK :$bBloomsbury Academic,$c2023.
=300  \\$a3 volumes :$billustrations (black and white, and colour), 1 map (black and white) ;$c25 cm
=336  \\$atext$2rdacontent
=337  \\$aunmediated$2rdamedia
=338  \\$avolume$2rdacarrier
=504  \\$aIncludes bibliographical references and index.
=505  0\$av. 1. 600-1500 -- v. 2. 1500-1700 / edited by Martha T. Frederiks [and six others] -- v. 3. 1700-1914 / edited by Clinton Bennett [with seven others].
=650  \7$aChristians.$2fast$0(OCoLC)fst00859760
=650  \7$aMuslims.$2fast$0(OCoLC)fst01031029
=650  \7$aChristianity.$2fast$0(OCoLC)fst00859599
=650  \7$aIslam.$2fast$0(OCoLC)fst00979776
=650  \7$aInterfaith relations$xSources.$2fast$0(OCoLC)fst01353344
=655  \7$aSources.$2fast$0(OCoLC)fst01423900
=655  \7$aHistory.$2fast$0(OCoLC)fst01411628
=700  1\$aThomas, David$q(David Richard),$d1948-$eeditor.
=700  1\$aFrederiks, Martha Theodora,$d1965-$eeditor.
=700  1\$aBennett, Clinton,$eeditor.
=852  41$aBritish Library$bHMNTS$ivol. 1
=852  41$aBritish Library$bHMNTS$ivol. 2
=852  41$aBritish Library$bHMNTS$ivol. 3
=CAT  \\$a16407$b40$c20231005$lBLL01$h1500
=CAT  \\$aBATCH-016$c20231011$lBLL01$h2206
=CAT  \\$a11250$b40$c20231017$lBLL01$h1124
=FIN  \\$aY$d20231017
=LAS  \\$a11250$b40$c20231017$lBLL01$h1124

