=LDR  01676nam a2200469   4500
=001  021238198
=003  Uk
=005  20231005174838.0
=008  890929s1779\\\\fr\af\\\\\\\\\00|\1|fre\c
=FMT  \\$a  BK
=035  \\$a(Uk-ES)006035086
=040  \\$aCU-RivES$cCU-RivES$dUk-ES$dCStRLIN$dUk-ES$edcrmb
=100  1\$aGresset,$d1709-1777.
=243  10$aWorks
=245  10$aŒuvres de Gresset, de l'Académie françoise.
=246  3\$aOeuvres de Gresset, de l'Académie française
=250  \\$aNouvelle édition. ...
=264  \1$aA Londres [i.e. Paris?] :$bchez Édouard Kelmarneck,$cM.DCC.LXXIX. [1779]
=300  \\$a2 v. :$bill. ;$c13 cm (12⁰)
=336  \\$atext$2rdacontent
=337  \\$aunmediated$2rdamedia
=338  \\$avolume$2rdacarrier
=500  \\$aThe imprint is false; possibly printed in Paris. Not in Weller, E. Falschen und fingierten Druckorte.
=500  \\$aVol. 1 has an engraved frontispiece.
=500  \\$aVol. 2 has a half-title.
=500  \\$aVol. 2 pagination: 246, [2] p.
=500  \\$aVol. 2 signatures: A-K¹² L⁴.
=500  \\$aVol. 2 has vertical chain lines.
=510  4\$aESTC,$cN42080
=650  \0$aFrench drama$y18th century.
=650  \0$aFrench poetry$y18th century.
=655  \7$aPlays.$2rbmscv
=655  \7$aPoems.$2rbmscv
=752  \\$aFrance$dParis.
=752  \\$aGreat Britain$bEngland$dLondon.
=852  41$aBritish Library$bHMNTS$qCopy at XXXX. Imperfect: wanting vol.1.
=CAT  \\$a12121$b40$c20231005$lBLL01$h1742
=CAT  \\$a12121$b40$c20231005$lBLL01$h1748
=CAT  \\$a12121$b40$c20231005$lBLL01$h1748
=FIN  \\$aY$d20231005
=SRC  \\$aESTC
=LAS  \\$a12121$b40$c20231005$lBLL01$h1748

