=LDR  02838nam a2200577 i 4500
=001  021239422
=003  Uk
=005  20231006110640.0
=008  190926m20189999cc\a\\\\\b\\\\001\0\chi\d
=FMT  \\$a  BK
=020  \\$a9787540980559$q(volume 1)
=020  \\$a7540980559$q(volume 1)
=035  \\$a(OCoLC)1121049508
=040  \\$aSMI$beng$cSMI$dOCLCF$dZYU$dOCLCO$dOCLCQ$dCNEAL$dOCLCO$dOCL$erda
=041  1\$achi$atib$htib
=043  \\$aa-cc-ti
=050  \4$aND2850.X54$bZ36 2018
=245  00$6880-01$aZang zu mei shu ji cheng.$pHui hua yi shu.$pBi hua.$pRikaze juan. /$cHejing zhu bian ; "Zang zu mei shu ji cheng" bian zhuan wei yuan hui bian = Bod kyi mdzes rtsal kun btus. Ri mo sgyu rtsal. Gzhi ka rtse ldebs ris kyi skor / Bod kyi mdzes-rtsal kun-btus kyi rtsom-sgrig tshogs-pas bsgrigs.
=246  30$6880-02$aHui hua yi shu.$pBi hua.$pRekaze juan
=246  31$aBod kyi mdzes rtsal kun btus. Ri mo sgyu rtsal. Gzhi ka rtse ldebs ris kyi skor
=250  \\$6880-03$aDi 1 ban.
=264  \1$6880-04$aChengdu :$bSichuan min zu chu ban she,$c2018-
=300  \\$avolumes :$bcolor illustrations ;$c35 cm
=336  \\$atext$btxt$2rdacontent
=337  \\$aunmediated$bn$2rdamedia
=338  \\$avolume$bnc$2rdacarrier
=500  \\$6880-05$aZang Han dui zhao.
=504  \\$aIncludes bibliographical references and index.
=546  \\$aParallel Tibetan text and Chinese translation.
=650  \0$aBuddhist mural painting and decoration$zChina$zXigazê Diqu.
=650  \0$aMural painting and decoration$zChina$zXigazê Diqu.
=650  \0$aPainting, Tibetan$zChina$zXigazê Diqu.
=650  \7$aPainting, Tibetan.$2fast$0(OCoLC)fst01051128
=650  \7$aBuddhist mural painting and decoration.$2fast$0(OCoLC)fst01727620
=650  \7$aMural painting and decoration.$2fast$0(OCoLC)fst01029558
=651  \7$aChina$zXigazê Diqu.$2fast$0(OCoLC)fst01271311
=700  1\$6880-06,$aHe, Jing.$eeditor.
=710  2\$6880-07,$aBod kyi mdzes-rtsal kun-btus kyi rtsom-sgrig tshogs-pa (Sichuan Sheng, China)$eeditor.
=880  00$6245-01$a藏族美术集成.$p绘画艺术.$p壁画.$p日喀则卷 /$c和靖主编 ; 《藏族美术集成》编撰委员会编 = Bod kyi mdzes rtsal kun btus. Ri mo sgyu rtsal. Gzhi ka rtse ldebs ris kyi skor / Bod kyi mdzes-rtsal kun-btus kyi rtsom-sgrig tshogs-pas bsgrigs.
=880  30$6246-02$a绘画艺术.$p壁画.$p日喀则卷
=880  \\$6250-03$a第1版.
=880  \1$6264-04$a成都 :$b四川民族出版社,$c2018-
=880  \\$6500-05$a藏汉对照.
=880  1\$6700-06$a和靖,$eeditor.
=880  2\$6710-07$a"藏族美术集成" 编撰委员会,$eeditor.
=852  \\$xdeleted
=994  \\$aZ0$bBLX
=CAT  \\$a14760$b40$c20231006$lBLL01$h1106
=SID  \\$aZ39$bOCLC
=948  \\$hNO HOLDINGS IN BLX - 6 OTHER HOLDINGS
=LAS  \\$a14760$b40$c20231006$lBLL01$h1106

