=LDR  01169nam a2200349 i 4500
=001  021248128
=003  Uk
=005  20231013155606.0
=008  231012s2023\\\\cc\a\\\\\\\\\|||1\0|eng\\
=FMT  \\$a  BK
=015  \\$aGBC3J7816$2bnb
=020  \\$a9781098122119$qpaperback
=040  \\$aUk$beng$cUk$dUk$erda
=042  \\$aukblsr
=082  04$a005.133$223
=100  1\$aChang, Sau Sheong,$eauthor.
=245  10$aGo cookbook :$bexpert solutions for commonly needed Go tasks /$cSau Sheong Chang.
=250  \\$aFirst edition.
=264  \1$aBeijing :$bO'Reilly,$c2023.
=300  \\$axiv, 352 pages :$billustrations (black and white) ;$c24 cm
=336  \\$atext$2rdacontent
=337  \\$aunmediated$2rdamedia
=338  \\$avolume$2rdacarrier
=500  \\$aIncludes index.
=650  \7$aComputer programming.$2fast$0(OCoLC)fst00872390
=650  \7$aGo (Computer program language)$2fast$0(OCoLC)fst01893916
=852  11$aBritish Library$bHMNTS$k(B)$h005.133
=CAT  \\$a16405$b40$c20231012$lBLL01$h1506
=CAT  \\$a16405$b40$c20231012$lBLL01$h1506
=CAT  \\$a11014$b40$c20231013$lBLL01$h1556
=FIN  \\$aY$d20231013
=LAS  \\$a11014$b40$c20231013$lBLL01$h1556

